2726 4602
124 519 342 586 lralcedmem
363 521 510 606 Lysidis,
540 523 660 609 qnippe
689 543 774 611 quae
800 525 843 588 cb
872 521 999 588 lasciva
1021 524 1167 594 carmina

126 607 247 692 Lysidi
269 607 302 672 in
326 609 530 694 disciplinam
548 631 585 674 se
602 613 774 678 tradidisse
787 610 970 688 videbatur,
991 611 1167 675 ineundum

124 693 307 760 Ebrietatis
340 696 622 763 oblectamentum
643 717 717 764 eam
748 708 864 776 vocat,
897 697 1111 762 mollissimae
1134 709 1167 760 et

126 781 388 846 delicatissimae
409 783 509 848 lanae
522 802 626 862 earn,
659 785 824 850 aviculam
847 783 1009 868 Paphiae,
1041 783 1165 848 incum-

124 869 220 945 bere,
244 868 413 933 oculorum
436 873 582 936 obtutum
603 892 718 938 somno
738 869 930 949 molliorem,
953 888 1070 936 manus
1084 869 1166 935 mol·
1223 943 1231 962 Ι

125 955 248 1019 liculas
277 965 310 1020 et
341 956 519 1035 delicatas,
550 961 698 1024 membra
729 973 795 1025 tam
818 957 915 1022 'lenta
944 972 977 1021 et
1007 956 1186 1022 llexibilie.
1297 991 1301 998 ·

127 1061 204 1106 esse
228 1043 322 1121 dicit,
349 1055 385 1106 ut
406 1063 484 1109 ossa
506 1045 631 1108 habere
658 1067 723 1110 non
746 1047 911 1123 videatur,
939 1048 1001 1110 sed
1023 1044 1110 1108 lacte
1133 1045 1166 1110 iu

127 1129 272 1194 calathis
292 1130 467 1212 coagulato
490 1142 654 1196 constare.
699 1133 792 1197 llaec
813 1130 847 1194 in
866 1130 993 1196 ltaliam
1013 1130 1166 1215 profecta

88 1239 93 1247 ·
120 1227 193 1306 pst,
227 1220 342 1282 sedem
374 1217 598 1282 Romanorum
631 1239 822 1302 asperorum
856 1229 888 1282 et
921 1217 1163 1284 bellicosorum.
1254 1217 1258 1224 ’

59 1315 67 1322 ·
128 1303 214 1378 Quid
245 1303 291 1368 ibi
313 1301 404 1368 vult?
447 1303 541 1368 Molli
563 1325 625 1369 sua
652 1317 824 1372 venustate
849 1303 1073 1369 Romanorum
1095 1305 1163 1370 aui·

127 1411 199 1454 uros
222 1388 382 1454 emollire.
413 1389 551 1456 Refero
580 1394 623 1456 ad
645 1391 689 1455 lV
713 1413 818 1478 genus
842 1390 939 1454 etiam
964 1390 1023 1470 Vl,
1045 1390 1107 1454 291
1132 1403 1165 1454 et
1267 1463 1270 1474 Ι

127 1475 212 1555 Vll,
232 1478 310 1545 353.
339 1478 376 1542 ln
404 1477 461 1541 illo
489 1477 661 1543 artificium
687 1479 821 1546 vetulae
847 1478 983 1542 vinosae
1005 1487 1164 1554 narratu,
1192 1550 1197 1559 Ι

171 1583 192 1627 ο
220 1573 350 1641 votum,
382 1565 434 1628 eui
459 1585 498 1628 se
525 1586 585 1648 per
611 1568 769 1646 morbum
792 1566 1023 1641 adstrinxarat,
1056 1562 1162 1628 elusit.
1223 1591 1229 1599 ’

159 1661 278 1715 overat
298 1651 397 1728 enim,
423 1663 467 1714 se·
483 1647 569 1714 febri
589 1651 763 1718 liberatam
786 1666 917 1717 centum
937 1641 1064 1738 ἠελίους
1085 1649 1166 1716 nihil

128 1738 187 1802 nisi
218 1757 338 1822 aquam
361 1757 437 1801 esse
467 1737 670 1803 bibituram„
695 1739 773 1804 Voti
796 1759 932 1821 compos
954 1736 1045 1802 facta
1067 1736 1163 1802 falla·

127 1826 213 1890 ciam
235 1823 365 1901 struxit,
394 1843 491 1908 quarn
515 1824 546 1888 ei
574 1825 769 1908 ambiguitas
790 1825 883 1891 vocis
899 1813 1019 1908 Ιἠέλιος
1037 1842 1162 1907 ¹suppe-

127 1913 265 1978 ditabat
309 1909 427 1975 Gribrc
456 1911 540 1976 enim
570 1910 676 1975 oculis
707 1912 838 1976 obiecto
867 1910 980 1994 plures
1007 1909 1099 1974 soles
1119 1908 1163 1974 si·

127 1998 192 2065 mul
215 1997 401 2078 conspexit
441 1999 478 2062 ln
499 1997 617 2063 codice
641 1997 707 2063 hoo
734 2019 885 2078 carmen,
917 1996 995 2082 quia
1023 1999 1063 2061 de
1084 2007 1162 2062 voto
1236 2021 1239 2038 ⁵

127 2087 249 2170 agitur,
283 2079 543 2169 ἅναθηματικοῖς
573 2086 718 2151 additum
751 2099 817 2152 est:
850 2087 890 2152 iis
912 2095 1044 2162 tamen,
1076 2100 1220 2170 quaer-

125 2173 224 2256 vulgo
248 2171 298 2235 sic
322 2171 484 2249 dicuntur,
511 2172 611 2255 plane
639 2173 795 2238 dissimile
824 2185 885 2239 est.
930 2169 967 2233 Si
988 2171 1060 2256 quis
1081 2191 1162 2254 poe·

129 2269 195 2324 tam
213 2279 283 2322 rem
303 2257 427 2322 factam
448 2279 584 2322 nemore
606 2269 707 2342 putet,
729 2260 758 2324 is
780 2259 894 2349 generi
915 2257 1020 2341 primo
1032 2257 1161 2341 hocep.

128 2346 277 2411 adiiciat:
304 2343 382 2408 milri
409 2345 518 2428 potius
548 2365 657 2410 merus
685 2345 777 2412 lusus
804 2346 955 2430 poeticus
978 2362 1052 2406 esse
1071 2344 1162 2408 vide·

127 2445 192 2511 tur,
221 2452 287 2518 quo
309 2430 405 2496 simul
436 2434 480 2497 ad
496 2432 599 2496 risum
627 2433 831 2500 excitandum
855 2429 1037 2514 composito
1058 2427 1162 2494 homi·

125 2541 201 2585 num
223 2539 351 2596 mores,
374 2518 429 2605 qui
449 2529 528 2584 vota
550 2528 583 2582 et
604 2520 782 2602 promissa,
815 2535 977 2606 quaeres
999 2518 1162 2580 adversae

126 2607 165 2672 iis
187 2616 374 2682 extorsere,
396 2606 496 2668 rebus
517 2607 672 2670 secundis
692 2627 858 2689 persaepe
879 2603 1015 2688 implere
1037 2601 1162 2682 nolunt,

125 2691 324 2778 perstringit.
368 2689 446 2770 Vll,
475 2691 556 2770 353,
589 2713 780 2776 expressum
807 2714 826 2757 e
854 2691 960 2758 Leon.
988 2689 1066 2754 Tar.
1089 2688 1162 2769 Vll,

124 2781 200 2845 455.
232 2781 337 2844 Poeta
358 2777 565 2844 Maronidem
592 2779 810 2858 vinolentam,
845 2799 931 2866 quae
962 2775 1101 2840 calicem
1129 2777 1162 2841 in

127 2865 249 2932 tumulo
271 2865 404 2942 habeat,
426 2886 490 2929 nec
505 2865 618 2932 liberis
638 2885 703 2936 uec
722 2867 850 2946 marito,
872 2871 933 2934 sed
946 2863 1037 2932 sicco
1056 2863 1162 2929 calice

126 2953 241 3020 dolere
264 2952 354 3016 dicit.
592 2981 594 2988 ·

212 3038 387 3122 Antipater
398 3033 560 3105 sidonius
579 3037 693 3122 igitur,
721 3040 750 3103 si
770 3049 961 3122 argumenta
983 3033 1161 3102 carminum

123 3127 328 3212 respicimus,
350 3123 491 3188 maxime
509 3125 541 3186 in
564 3115 837 3210 ἅναθηματικοῖς,
867 3124 1057 3208 epitaphiiS,
1087 3141 1159 3212 ear·

67 3236 72 3246 ·
122 3211 267 3290 minibus
298 3207 475 3276 laudativis
506 3222 658 3277 versatus
692 3225 757 3278 est:
793 3221 967 3296 praeterea
1000 3208 1160 3292 elegiaca,
1278 3179 1303 3280 „¹

124 3319 221 3384 epp,
250 3299 284 3363 in
307 3299 423 3384 quibus
443 3317 483 3362 ex
506 3294 633 3363 fabella
654 3301 816 3365 sententia
838 3303 1010 3386 quaedam,
1023 3295 1159 3374 elicitur,
1265 3341 1273 3354 ,

123 3385 285 3452 coniecit:
308 3405 374 3449 non
396 3398 641 3468 aggressusest
656 3407 696 3470 ep
722 3387 917 3464 ‚amatoria
938 3385 972 3450 in
993 3383 1159 3462 animalia,

123 3471 267 3558 plantes,
289 3471 442 3555 regiones
464 3491 639 3538 amoenas:
667 3495 706 3538 sa
738 3493 759 3539 a
781 3473 1024 3551 etmordaoia,
1043 3473 1160 3536 iocosa

90 3609 93 3616 -
123 3563 197 3626 iere
219 3554 312 3625 nulla
330 3557 471 3646 reliquit.
503 3561 551 3623 ’ln
567 3581 643 3645 epp.
655 3558 790 3626 secundi
807 3557 1159 3644 generis‘laudandurn

124 3658 191 3730 est,
207 3660 289 3714 eum·
302 3643 429 3730 plerum
475 3665 493 3708 e
515 3647 646 3712 unitatis
668 3647 802 3713 carmini
824 3652 1075 3714 conservandae
1091 3653 1157 3710 stu·
1210 3695 1215 3702 .

124 3733 254 3802 diaeum
279 3731 393 3798 fuisse.
476 3733 583 3798 exime
613 3745 722 3801 autem
749 3735 782 3799 in
809 3753 933 3820 genere
962 3737 1075 3812 tertio,
1104 3729 1158 3796 cul

19 3869 21 3908 3
124 3821 229 3906 etiam·
245 3818 429 3910 plurimam·
438 3828 576 3904 operam
591 3821 745 3901 'navaria
775 3819 924 3901 excellit,
955 3829 1050 3888 'uum
1070 3817 1156 3885 viro·

124 3927 195 3975 rum
217 3904 467 3991 praeclarorum
486 3905 620 3989 ingenie
642 3909 811 3974 et'mnres'
825 3910 995 3976 describite
1022 3906 1076 3970 hie
1098 3899 1156 3968 eu»

19 3995 20 4050 l
123 3999 179 4059 'arn
192 3998 199 4018 '
212 3991 334 4090 ingenii
366 3991 488 4094 poetici
519 3994 706 4064 uboutan
731 3997 887 4075 ostendit,
924 3995 1057 4080 saepius
1090 4006 1155 4056 nor
1229 4045 1238 4060 .

19 4095 20 4110 ¹
123 4098 239 4157 imunt,
273 4081 336 4146 sed
366 4075 462 4162 plura
490 4080 554 4148 tini·
576 4101 631 4165 ap.
657 4081 812 4150 eoundna
837 4085 976 4172 addens.
1028 4081 1063 4146 ln
1089 4079 1154 4143 lroo
