2726 4602
466 277 470 292 l

608 289 684 362 'w

605 357 612 366 e

543 381 744 394 *ωε-μαψ...

118 499 374 590 descriptionem
399 505 560 586 conduct,
593 527 660 594 qna
688 511 729 575 de
759 513 881 580 carresa
912 523 934 566 a
965 500 1103 570 Remea,
1128 500 1162 568 di

118 591 255 676 virgas
274 613 342 658 non
364 592 522 658 immerito
543 615 604 678 pro
623 590 807 678 'exemplari
826 587 972 654 habitum
995 600 1044 652 est
1059 607 1093 671 p.
1104 585 1159 674 57,
1198 655 1202 666 ,
1245 659 1249 667 4

115 678 265 764 Reliqua
292 700 370 763 epp.
399 690 502 744 toturn
528 681 772 748 Anacreontem
805 679 870 742 non
906 674 1042 760 perinde
1071 695 1160 762 comf
1209 721 1211 730 ‚

114 764 320 850 plectuntur,
355 787 408 848 ep.
437 766 480 830 26
508 767 615 832 solmn
642 767 716 832 fere
743 762 970 840 vinolentiam,
999 762 1042 828 29
1065 773 1097 825 et
1118 760 1162 826 30

113 863 250 937 praeter
284 849 433 918 afflatum
469 855 610 921 divinum
644 875 788 920 amorem
820 849 1021 936 praedicent.
1076 843 1160 928 Nee,

115 942 316 1025 quaudoque
340 939 469 1004 dicendi
496 961 601 1025 genus
630 941 849 1024 contemplor,
880 947 1052 1020 tantopere
1074 935 1161 1000 haec

114 1026 195 1090 mihi
221 1027 385 1104 arrident,
419 1040 622 1111 quantopere
649 1028 718 1092 illa.
769 1027 832 1108 Ep.
856 1023 899 1090 29
923 1020 1084 1090 distichon
1105 1043 1159 1086 se·

117 1115 260 1178 mudum
290 1123 471 1179 contortum
498 1114 592 1182 nimis
614 1126 648 1180 et
673 1113 821 1180 flosculis
844 1109 1001 1176 orationis
1028 1110 1160 1188 abunde
1222 1138 1225 1146 ¹

116 1209 311 1278 exornatum
333 1200 478 1264 videtur:
502 1199 652 1282 displicet
673 1223 782 1284 porro,
806 1202 894 1283 quod
911 1197 1010 1262 etim
1023 1195 1159 1262 Graefio

45 1333 51 1340 -
116 1288 160 1352 ad
191 1269 402 1369 Meleagrum
431 1307 467 1370 p.
500 1287 563 1350 127
594 1284 743 1372 dapsilem
775 1273 932 1370 dyrpodov
964 1278 1160 1382 prqponenti
1194 1330 1200 1336 .

116 1372 281 1438 accidisse
313 1374 456 1449 videtur,
489 1373 606 1438 barbiti
639 1372 849 1458 compellatio
882 1372 967 1436 inter
987 1367 1093 1448 endere
1127 1379 1160 1434 et

116 1451 207 1544 ἔφυς.
250 1459 357 1525 Etiam
379 1480 432 1542 ep.
449 1459 492 1524 30
510 1457 748 1540 vehementiam
770 1471 803 1526 et
824 1459 1018 1544 gravitatem
1039 1456 1158 1520 verbo·

115 1565 188 1610 rum
209 1545 381 1610 affectavit
401 1557 501 1629 poeta
528 1546 616 1613 haud
639 1547 709 1612 scio
738 1569 781 1613 an
802 1545 950 1610 nimiam:
978 1541 1160 1608 cuiusmodi

29 1669 31 1692 .
115 1644 190 1698 sunt
211 1623 253 1717 κη’
274 1628 403 1696 παίδων
426 1623 595 1718 ,ζωροτοὶτη
621 1630 736 1719 μανίη,
763 1625 836 1706 ὅλος
862 1619 989 1704 ὠδίνας
1010 1624 1160 1716 Κυπρίδι

115 1714 309 1804 θερμοτέρῃ.
324 1757 355 1768 -
379 1718 441 1802 Ep.
463 1718 533 1796 vlt,
555 1719 620 1784 748
640 1725 827 1803 corruptum
845 1731 877 1782 et
900 1717 1040 1782 sortasse
1063 1716 1154 1783 muti·
1242 1781 1246 1788 ,

115 1803 193 1870 lum.
227 1805 300 1870 Huc
316 1817 425 1870 tamen
440 1807 590 1888 pertinet,
612 1825 710 1890 quum
722 1805 787 1870 hoc
805 1815 974 1888 appareat,
997 1807 1038 1870 de
1058 1801 1158 1869 laude

118 1891 261 1958 aedificii
283 1893 453 1959 cuiusdam
473 1891 613 1976 ingentis
635 1887 810 1958 altitudinis
829 1891 1022 1976 rohorisque
1044 1889 1110 1973 agi.

200 1979 272 2044 lam'
294 1981 337 2044 ad
359 1978 459 2044 aliam
486 1979 581 2044 huius
610 1979 742 2062 generis
769 1978 916 2064 speciem
941 1988 1157 2055 transeamus,

117 2067 161 2132 ad
188 2065 336 2145 carmina
365 2065 528 2148 elegiaca.
572 2065 719 2132 Medium
740 2066 836 2153 quasi
858 2063 968 2130 locutu
994 2064 1078 2129 inter
1099 2084 1158 2128 un·

29 2161 30 2226 ss
116 2152 304 2218 tecedentia
331 2163 364 2216 et
385 2151 472 2216 haec
499 2153 728 2236 tenet.ep.-in
750 2151 887 2238 Sappho
910 2151 986 2230 Vll,
1020 2152 1078 2228 lt,
1105 2149 1159 2216 eui
1205 2187 1207 2200 =

29 2291 31 2316 ,
53 2259 62 2274 ·
117 2239 300 2304 sententiae
330 2237 444 2304 insunt
466 2242 510 2305 ad
536 2237 668 2306 laudem
695 2241 843 2323 poetriae
850 2284 877 2316 ,.
895 2259 958 2302 eae
977 2237 1026 2302 ita
1047 2249 1158 2303 tamen

29 2325 31 2408 ζ
118 2323 277 2407 prolatae,
299 2336 335 2390 ut
357 2325 451 2390 dolor
472 2329 514 2390 de
537 2336 642 2390 morte
662 2326 738 2392 inde
761 2325 952 2400 concitetur.
983 2321 1158 2389 Aeolidem

29 2421 31 2432 ’
115 2421 214 2494 poeta
241 2410 433 2498 alloquitur,
463 2410 600 2496 Sappho
630 2416 839 2491 condentem,
869 2431 955 2496 quae
980 2409 1063 2474 inter
1083 2407 1157 2478 Mu·

115 2517 172 2564 sas
197 2498 399 2566 immortales
427 2496 574 2565 mortalis
600 2497 699 2564 Musa
727 2511 880 2575 canatur,
913 2517 1012 2582 quam
1039 2495 1170 2580 Cypria.

116 2593 149 2649 et
167 2585 274 2650 Amor
307 2605 374 2650 una
406 2585 610 2663 nutriverint,
641 2605 783 2671 quacum
815 2583 964 2650 Suadela
994 2581 1158 2650 Pieridum
1221 2665 1225 2676 .

115 2692 220 2758 usque
249 2671 422 2736 florentem
450 2692 606 2736 coronam
632 2673 797 2751 nexuerit,
830 2671 917 2736 etin
944 2670 1009 2734 fine
1030 2671 1158 2738 Parcae

29 2771 33 2798 ’
115 2759 156 2824 de
182 2758 253 2824 vita
283 2755 458 2842 immortali
490 2758 639 2842 poetriae
670 2779 737 2824 nou
768 2756 977 2844 suppeditata
1009 2768 1156 2824 accusat.

29 2859 32 2904 r
114 2843 206 2908 Vere
225 2845 379 2928 elegiaca
399 2856 488 2914 sunt:
515 2844 595 2923 vn,
608 2844 685 2910 464.
729 2846 850 2926 Poeta,
879 2856 915 2912 ut
935 2844 1077 2934 animum
1097 2865 1157 2912 no·

29 2973 30 3010 ;
114 2943 217 2996 ouum
225 2931 311 2998 tristi
320 2931 541 2996 Aretemiadis
562 2942 650 2998 sorte
669 2943 886 3011 commoveat,
905 2931 1069 2996 introitum
1085 2931 1157 2998 eiua

114 3021 158 3084 ad
180 3017 306 3088 inferos
327 3019 423 3084 nobis
445 3018 602 3102 depingit,
624 3020 749 3096 dicens,
771 3040 846 3084 eam
867 3039 942 3082 cum
959 3015 1155 3084 loetuutero

29 3125 30 3128 ¹
113 3102 244 3170 incluso
276 3105 444 3188 escaphe
473 3103 602 3170 inferna
629 3107 768 3188 vestigia
794 3107 827 3170 in
855 3103 973 3188 Cocyti
998 3104 1070 3188 ripa
1095 3126 1154 3192 po·

29 3187 30 3262 Ῠ
113 3202 247 3256 nentem
275 3214 296 3259 a
322 3191 452 3257 Derieis
477 3191 613 3258 'feminis
648 3193 804 3259 defletam
831 3213 906 3258 esse
934 3191 1038 3256 iisne
1066 3189 1156 3258 haee
1234 3254 1238 3262 ,

115 3277 220 3344 tristia
240 3279 424 3344 nuntiasset
449 3279 570 3362 duplici
591 3290 687 3363 partu
707 3279 846 3363 gravida
862 3279 977 3344 marito
1016 3276 1157 3361 uphroni
1190 3345 1193 3352 ,

115 3364 254 3430 alterurn
286 3365 420 3451 reliqui,
453 3364 745 3432 altenrmmortuis
774 3370 919 3433 adduco.
962 3365 1099 3432 Jacobs.
1121 3367 1156 3434 in
1210 3381 1220 3388 “

29 3473 30 3508 r
115 3449 292 3517 anim-ac
315 3454 357 3518 Α.
380 3452 421 3516 L.
443 3453 482 3530 ll,
507 3454 523 3516 l
548 3475 581 3537 p.
604 3453 648 3518 99
669 3453 735 3519 hoc
757 3474 890 3518 carmen
911 3453 955 3518 ab
977 3449 1155 3520 Heraclide

116 3534 187 3616 Vll,
208 3537 286 3614 465,
310 3539 451 3625 quadiu
473 3540 589 3605 codice
611 3539 760 3606 Palatino
781 3538 902 3604 lemma
918 3538 1021 3606 habet
1044 3529 1156 3628 Ἡρα-

114 3613 249 3709 atq'rov,
274 3645 465 3710 expressum
487 3647 562 3692 esse
585 3626 672 3692 dicit.
715 3625 778 3691 llic
800 3626 885 3692 enim
906 3623 1101 3692 Heracletus
1123 3625 1155 3692 ei

113 3710 146 3776 in
167 3710 278 3776 Anim.
301 3712 340 3777 Τ.
363 3712 438 3778 Xlll
460 3735 493 3795 p.
515 3713 580 3779 902
609 3715 652 3778 ab
673 3711 852 3780 Heraclide
877 3711 1066 3800 Sinopensi,
1094 3712 1154 3804 ho·

113 3797 200 3864 mine
217 3795 308 3864 haud
326 3799 431 3864 ruinas
453 3801 612 3891 obscuro,
638 3821 707 3866 non
734 3799 882 3868 diversus
911 3821 987 3870 esse
1013 3801 1153 3866 videtur.

115 3881 178 3950 Cui
198 3883 344 3968 opinioni
364 3883 439 3952 sola
455 3887 644 3962 coniectum
659 3887 781 3965 nitenti
794 3907 836 3956 ea
855 3891 896 3954 de
914 3907 1044 3965 caussa,
1066 3889 1154 3974 quod

29 4035 30 4048 ,
114 3973 295 4038 secundum
317 3973 601 4059 Persouquaest.
623 3996 658 4059 p.
676 3975 704 4040 7.
718 3973 912 4042 Heraclides
934 3975 977 4042 ad
995 3969 1153 4060 Philippi·
1206 4053 1210 4058 ¹

29 4151 31 4162 .
115 4075 190 4126 cam
211 4057 482 4144 epigrammaton
503 4061 692 4150 congeriem
714 4060 858 4144 contulit,
880 4061 1027 4150 carmina
1042 4072 1153 4130 autem
