2726 4602
696 303 975 402 cof

727 425 743 432 ..
776 425 830 436 ...-

211 542 473 624 1111406-519
495 565 514 609 1
536 543 732 630 Meleagree
750 547 921 630 depromta
943 555 1035 623 sunt,
1055 566 1123 611 non
1146 547 1253 612 adsti-

146 668 149 675 ·
209 633 315 720 pulor.
359 629 1254 718 1111ςί11116,465Η11111111,’111111111ρο11111

138 749 142 757 ⁴
208 721 392 805 Antipater,
415 717 588 801 Meleagro
608 719 767 804 aequalis,
790 740 889 806 qnam
910 719 1118 802 Antipatrum
1139 719 1251 785 Hera-

209 805 315 872 cletus
338 805 538 886 expressisse
560 805 698 871 videtur.
743 805 821 884 Vll,
851 805 916 870 467
937 804 1155 884 Artemidori,
1188 805 1253 872 lilii

209 892 384 960 duodecim
395 911 564 969 11101111,
580 903 717 956 mortem
733 902 841 957 mater
850 903 991 956 moeret:
1008 913 1069 978 pro
1079 913 1134 970 eo,
1149 913 1251 978 quem

208 987 283 1046 cum
311 977 477 1044 doloribus
504 979 632 1061 peperit
659 991 691 1042 et
721 979 838 1042 eximie
861 979 998 1056 1111111,
1032 981 1074 1043 ad
1096 975 1248 1046 infernus

207 1067 307 1133 sedes
332 1064 494 1148 'degresso
521 1086 608 1143 nunu
635 1065 750 1148 cippus
775 1077 946 1152 mutusque
976 1065 1058 1140 cinis
1083 1066 1115 1130 ei
1136 1065 1248 1131 relicti

182 1165 291 1218 sunt·
335 1150 406 1228 Vll,
431 1149 504 1214 146.
527 1149 645 1236 Elegia
666 1151 792 1216 virtutis
807 1153 847 1216 'in
868 1151 991 1217 tumulo
1010 1151 1138 1216 Aiacis.
1177 1152 1248 1218 Au·

207 1249 279 1304 ctor
301 1259 353 1322 ep,
375 1235 459 1315 Vn,
483 1236 561 1317 145,
593 1241 682 1323 quod
703 1238 788 1310 liber
806 1239 1048 1322 manuscriptus
1066 1238 1248 1322 Asclepia-

207 1329 270 1394 dae
291 1325 452 1402 vindicat,
481 1323 664 1390 Brunckius
685 1323 857 1390 liustathio
883 1325 1016 1390 iubente
1050 1327 1094 1390 ad
1114 1327 1248 1392 Aristo·

205 1412 279 1494 telis
301 1409 435 1496 peplum
460 1408 582 1489 retulit,
610 1412 754 1498 quisquis
781 1409 894 1492 fuerit,
921 1423 1061 1496 quatuor
1087 1413 1243 1480 versibus

205 1497 367 1564 Virtutem
390 1495 497 1574 illam,
527 1497 633 1582 ipsam
654 1497 819 1561 infelicem
841 1498 875 1560 in
889 1495 962 1561 'hoc
983 1498 1098 1563 Aiacis
1119 1500 1247 1566 tumulo

95 1620 102 1636 x
205 1589 338 1663 sedere,
368 1579 482 1649 comas
505 1585 752 1674 detondeqtem,
781 1604 901 1666 magno
927 1583 1087 1650 afflictum
1113 1584 1244 1666 dolore,

206 1693 304 1758 quum
332 1667 420 1756 apud
441 1669 611 1757 Achaeos·
628 1671 722 1735 dolus
748 1679 781 1735 et
805 1669 897 1736 fraus
918 1670 993 1755 plus
1018 1671 1093 1754 ipsa
1119 1672 1246 1752 ualent,

150 1764 154 1772 '
206 1767 398 1846 querentem
415 1753 509 1821 facit:
532 1757 705 1842 Antipater
715 1755 880 1836 Sidonius,
898 1760 984 1842 apud
1003 1779 1102 1844 quem
1110 1777 1144 1822 v.
1160 1760 1246 1825 1-’·4

30 1808 34 1814 =
90 1886 92 1892 ·
207 1847 325 1912 eadem
347 1844 539 1928 exprimunt,
561 1845 701 1910 addidit:
725 1865 816 1908 arma
839 1855 948 1910 autem
964 1842 1102 1909 Achillis
1114 1845 1243 1912 dicant:

204 1932 291 2000 virili
311 1929 500 2009 fortitudini,
521 1939 586 1996 non
608 1930 748 2016 obliquis
769 1931 879 1995 verbis
902 1931 1125 1997 conventum.
1170 1931 1243 2008 Vll,

104 2049 110 2062 =
205 2019 281 2096 241,
304 2018 458 2101 scriptum
481 2017 515 2082 in
531 2017 766 2097 Ptolemaeum,
781 2017 876 2101 regis
893 2012 1039 2105 Aegypti
1051 2017 1166 2096 filium,
1188 2021 1242 2105 qui

205 2115 282 2169 ante
303 2100 447 2186 regnum
459 2103 571 2167 initum
599 2102 806 2187 pestilentiae
828 2105 980 2188 contagio
1003 2106 1160 2188 abreptus
1180 2125 1239 2188 pe·
1295 2109 1300 2120 ’

204 2189 268 2255 1111.
311 2187 391 2254 Eius
418 2199 555 2254 mortem
588 2210 609 2254 a
639 2191 846 2274 parentibus,
879 2191 1050 2268 nutritore,
1083 2191 1236 2276 Aegypto

204 2277 313 2342 crines
336 2274 565 2356 evellentibus,
591 2279 638 2341 ab
660 2275 811 2360 Europa,
840 2277 933 2342 euius
960 2281 1076 2363 domus
1101 2277 1234 2362 ingemi·
1303 2292 1313 2306 '

204 2365 327 2441 sceret,
356 2384 377 2429 a
398 2362 508 2442 Luna,
536 2384 621 2449 quae
643 2383 724 2447 prae
752 2383 903 2428 moerore
919 2369 1007 2428 'sese
1030 2367 1237 2429 contraheret

143 2482 149 2499 s
204 2463 237 2516 et
256 2449 385 2516 coelum
405 2449 577 2536 linqueret,
600 2453 774 2516 admodum
794 2448 916 2515 luctam
937 2469 1014 2514 esse
1036 2451 1125 2516 dicit.
1153 2450 1238 2515 Ver·

203 2539 294 2604 sibus
316 2548 425 2602 tamen
447 2537 567 2612 ultimis
583 2554 626 2602 ¹se
648 2536 754 2620 ipsum
776 2549 808 2600 et
829 2537 997 2602 luctuosos
1012 2537 1139 2602 solatur
1152 2557 1240 2624 poe·

133 2667 138 2680 ·
203 2638 253 2702 ta,
275 2645 341 2688 non
362 2623 396 2688 in
417 2624 495 2688 Orci
519 2631 652 2688 noctem·
672 2625 901 2701 descendisse,
933 2625 1240 2690 1111101161-

203 2711 367 2778 lemaeum
385 2711 419 2773 in
442 2709 616 2794 Olympum
637 2728 710 2774 esse
734 2714 864 2774 ductum
874 2710 1011 2775 *dicens

203 2811 208 2823 “
292 2794 404 2861 Genus
426 2793 501 2861 lV.'
533 2795 615 2860 Eam
643 2795 801 2879 speciem,
828 2818 894 2882 qua
922 2811 1069 2879 poetae
1100 2799 1238 2863 duarum

203 2896 313 2947 rerum
336 2882 581 2967 comparatione
593 2881 795 2946 'sententiam
814 2886 981 2968 quandam
999 2904 1120 2972 nutem
1143 2885 1237 2962 eruit,

204 2971 269 3038 duo
289 2990 368 3056 epp.
390 2979 651 3054 repraesentant.
682 2968 770 3046 XVl,
791 2969 853 3033 167
879 2969 911 3033 11
929 2970 1106 3036 Praxitelis
1124 2987 1239 3054 opera,

203 3053 375 3124 Venerem
404 3055 553 3124 Cnidiam
581 3067 613 3120 et
638 3054 794 3120 Amorem
824 3055 1071 3141 Thespiensem.
1116 3057 1239 3132 Quem-

202 3147 379 3229 ]admodum
407 3156 527 3229 poetae
554 3143 587 3208 in
616 3143 729 3208 artium
757 3144 913 3227 operibus
940 3143 1022 3208 nihil
1048 3145 1155 3229 magis
1177 3145 1236 3208 mi-

201 3230 279 3308 rari,
302 3251 401 3320 quam
421 3231 564 3296 vitaeet
584 3250 702 3296 sensus
724 3230 868 3314 speciem
890 3230 1039 3296 menimis
1060 3232 1235 3296 1111111111-

202 3314 341 3402 butam,
359 3337 578 3402 sensuumque
606 3317 802 3400 gravitatem
829 3318 877 3383 ita
901 3317 1087 3402 significare
1116 3313 1235 3395 solent,

201 3415 238 3470 11
259 3424 318 3468 eos
339 3404 396 3472 vel
416 3407 459 3470 ad
487 3403 648 3468 inanimus
669 3423 725 3468 res
747 3424 943 3487 permanare
966 3404 1091 3482 dicant,
1124 3401 1235 3468 Vene-

201 3509 272 3556 rem
292 3491 392 3557 talem
411 3509 486 3556 esse
508 3490 572 3569 ait,¹
603 3500 638 3555 ut
665 3510 862 3577 quamquam
889 3489 1022 3574 lapidea
1048 3503 1159 3556 tumen
1180 3489 1236 3556 vel

200 3577 347 3662 lapidem
374 3581 488 3644 amor'e
517 3578 670 3643 incendat
704 3577 798 3657 (lac.
830 3578 1059 3664 emendatione
1080 3577 1233 3662 praeola-

200 3685 240 3730 ra
260 3676 335 3732 utor
355 3659 452 3739 iidoc
473 3687 533 3750 pro
557 3653 637 3738 θεός
657 3664 867 3749 scribentis),
889 3664 1046 3732 Amorem
1066 3665 1179 3744 talem,
1200 3675 1235 3730 ut

75 3809 83 3822 ,
201 3761 267 3818 uon
295 3771 412 3820 saxum
443 3755 504 3817 sed
543 3754 750 3818 adamantem
781 3753 824 3816 ab
857 3771 897 3817 eo
927 3751 1162 3821 inflammatum
1196 3749 1234 3814 iri

200 3837 307 3927 jdicus.
353 3837 533 3927 1111111111Ι
558 3850 668 3904 autem
693 3837 758 3902 has
785 3841 869 3904 dnos
892 3837 1055 3923 imagines
1079 3837 1233 3904 consulto

199 3923 384 4016 separavit,
405 3945 447 3991 ne
468 3925 501 3990 in
522 3947 588 3991 nno
607 3925 684 3991 loc'o
705 3923 834 4009 positae
847 3925 965 3992 “omnia
978 3926 1061 4010 igne
1083 3945 1233 3993 consum·

167 4011 170 4014 ’
203 4021 295 4081 turae
319 4023 439 4079 essent.
483 4011 637 4094 1Χ,667.
659 4012 833 4096 Antipater
855 4011 1094 4079 Antiodcmidis
1114 4013 1234 4078 mimae

198 4097 406 4166 'venustlltem
429 4109 463 4174 ct
483 4097 665 4178 mollitiem,
694 4118 792 4184 quarn
814 4097 954 4164 maxime
976 4109 1099 4182 potest,
1130 4098 1232 4172 effert,
