2726 4602
622 299 687 372 41

555 379 749 410 ,hwa-,V

127 533 243 580 mana.
289 511 397 578 Poeta
416 533 495 592 aas,
526 514 645 600 quibus
669 515 785 580 miram
805 527 914 589 rerum
933 511 1172 578 contrarismm
1246 521 1249 526 '

129 597 397 665 coniunctionem
420 611 496 666 ante
517 600 633 684 oculos
654 601 758 684 ponit,
778 619 988 666 commovere
1009 591 1172 684 simulque
1218 595 1221 602 '

128 687 256 752 docere
277 685 358 761 vult,
379 697 515 752 mortem
536 688 666 752 minime
689 709 817 766 curare,
839 687 988 752 homines
1008 683 1172 770 ignobiles

127 773 196 839 siat
214 793 260 836 an
291 773 436 851 nobiles,
469 774 590 860 quippe
618 775 734 860 quibus
760 774 817 839 vel
845 773 1034 858 sepulcrum
1062 769 1173 836 nobile
1233 834 1239 850 Χ

128 859 319 936 conveniat,
342 862 402 925 sed
425 881 496 938 eos,
517 858 700 947 ubicunque
723 861 893 945 placuerit,
902 871 948 924 „et
968 859 1172 942 saepissime,
1223 894 1225 902 ‚

128 947 187 1012 ubi
216 945 348 1010 minime
376 948 656 1031 exspectaverint,
687 949 824 1034 aggredi
852 946 991 1012 solere·
1017 947 1173 1012 Ceterum

127 1033 163 1098 in
184 1031 251 1096 hoc
272 1053 328 1116 ep.
351 1031 525 1118 Antipater
541 1035 731 1119 respexisse
752 1035 880 1100 videtur
897 1033 1058 1098 Alcaeum
1080 1031 1171 1095 Mes·
1248 1053 1254 1059 ·

127 1120 256 1184 senium
277 1117 354 1196 Vll,
385 1121 414 1184 l.
443 1121 531 1186 ·Huc
552 1123 651 1187 etiam
672 1121 881 1186 referendum
900 1131 951 1185 est
971 1120 1021 1198 X',
1049 1119 1082 1182 2.
1102 1115 1195 1182 Art-¹

129 1205 258 1288 tipater,
282 1227 379 1291 quum
402 1209 546 1272 saletto·
569 1210 664 1273 ocris
687 1211 789 1298 limas
799 1217 907 1294 proto
928 1209 1002 1271 oice
1021 1207 1115 1270 certa
1139 1210 1172 1270 cl

133 1291 278 1368 Fcoooi,
308 1301 428 1358 nautas
455 1294 565 1359 verbis
595 1295 720 1378 Priapi,
748 1294 840 1358 ouius
867 1305 976 1358 statua
1002 1293 1036 1356 in
1062 1291 1172 1354 littora
1185 1298 1201 1368 ᾗ·

130 1379 227 1443 maris
255 1379 366 1460 posita
391 1389 479 1457 erat,
509 1380 714 1458 adhortatur,
740 1391 776 1445 ut
798 1380 940 1444 tranant
967 1381 1080 1442 siccos
1101 1395 1171 1439 raa·

127 1466 249 1529 olinae
271 1467 425 1529 comana.
469 1466 557 1550 Ergo
581 1467 721 1551 Priapus
741 1463 800 1531 illo
822 1453 944 1548 po'etae
966 1463 1088 1549 aliquid
1110 1463 1170 1526 do·
1282 1545 1283 1550 ἵ

126 1569 205 1614 cere
227 1551 368 1628 videtur,
391 1555 479 1638 quod
501 1563 610 1618 tamen
631 1576 697 1619 non
718 1551 899 1618 squarte
918 1549 1056 1636 profert,
1077 1557 1170 1632 post·
1259 1558 1263 1566 ’
1337 1629 1341 1636 1

125 1659 226 1724 quam
259 1637 314 1702 dei
345 1648 490 1702 statuam·
518 1661 610 1704 mare
641 1661 757 1706 verno·
777 1651 927 1721 tempore
960 1635 1170 1724 tranquillum
1220 1691 1226 1698 .

125 1722 382 1806 contemplantis
402 1726 618 1802 anteluculos
638 1739 770 1796 nostros
791 1725 915 1808 posuit,
943 1728 1021 1800 sed,
1043 1734 1079 1791 ut
1098 1722 1170 1788 rari·

122 1818 228 1876 tatem
251 1829 307 1894 ep.
329 1823 558 1890 conservaret,
587 1815 630 1878 ab
658 1814 730 1896 ipso
752 1813 874 1894 Priapo
903 1809 1064 1886 enuntiari
1088 1807 1169 1872 vult
1216 1837 1219 1854 ·

122 1896 315 1980 Descriptio
337 1898 428 1964 reris
448 1899 737 1986 appropinquantis
764 1897 877 1964 suavis
904 1897 1067 1960 neminem
1088 1904 1169 1977 puto
1283 1894 1289 1902 “

121 2003 188 2048 non
213 1983 414 2049 oblectabitr
447 1983 662 2076 archetypum
684 1997 734 2050 est
754 1982 859 2048 Leon.
883 1981 961 2048 Tar.
984 1983 1034 2060 X,
1058 1982 1095 2057 l,
1115 1999 1170 2043 re-
1301 2019 1312 2036 κ

120 2071 263 2154 petitam
295 2091 318 2134 a
347 2070 513 2153 pluribus,
547 2093 630 2160 qnos
661 2073 758 2156 legas
791 2071 987 2136 coniuratos
1013 2065 1169 2134 in‘l’laa·

121 2155 241 2242 Stepb.
262 2177 296 2240 p.
319 2158 459 2222 75-77.
505 2159 729 2231 Similimodo
757 2158 789 2222 ln
808 2179 866 2240 ep.
889 2152 1169 2236 imortalitate

124 2244 278 2308 eLeom
291 2243 369 2308 Tar.
392 2245 454 2322 IX,
486 2244 549 2309 322
577 2265 670 2311 arma
695 2245 869 2328 splendida
898 2255 931 2308 et
957 2260 1048 2308 nova
1069 2240 1171 2322 Marti

126 2329 281 2396 dedicata
309 2351 385 2396 esse
414 2333 505 2397 ridet
531 2343 647 2416 poeta,
681 2353 767 2417 quae
789 2334 857 2396 deo
884 2351 952 2394 non
973 2341 1069 2411 grata
1092 2345 1169 2390 essa

123 2416 322 2501 amplector.
367 2418 480 2504 ltaque
503 2417 644 2482 Martem
666 2419 773 2500 ipsum
796 2426 1054 2500 conquerentem
1074 2412 1195 2478 indu·

124 2502 177 2582 cit,
200 2503 386 2569 huiusmodi
404 2525 499 2568 arma
515 2525 553 2570 se
571 2505 761 2588 accepisset
784 2502 880 2582 haec.
893 2502 978 2566 enim
989 2497 1169 2564 imbellium

122 2587 267 2662 virorum
295 2589 455 2662 cubiculis
484 2592 680 2668 convenire,
708 2613 774 2656 non
797 2589 873 2654 aedi
892 2577 1074 2663 Ἐνυαλίου,
1105 2585 1169 2650 sibi

123 2696 216 2742 arma
238 2675 415 2742 confracta
437 2689 470 2741 st
492 2680 630 2743 caedem
650 2677 796 2742 virorum
817 2676 964 2761 placere.
1009 2673 1087 2739 Allo
1108 2675 1169 2738 ad·
1272 2691 1279 2709 ·

121 2761 284 2840 iumento,
309 2785 374 2849 quo
395 2765 510 2830 unitati
530 2775 632 2852 poeta
652 2763 841 2849 prospexit,
869 2783 949 2828 usus
968 2773 1018 2826 est
1039 2761 1073 2824 in
1095 2743 1168 2838 Vll,

121 2849 197 2920 427.
243 2849 329 2934 Bpp.
351 2851 416 2914 423
438 2863 472 2916 et
492 2853 557 2916 mo
585 2853 680 2935 ipsae
708 2849 858 2936 sepultae
887 2850 1048 2915 viatorem
1071 2849 1114 2914 de
1134 2847 1170 2912 ri
1208 2896 1210 2905 .

120 2936 290 3020 signorm
311 2938 348 3001 ia
366 2938 474 3023 cippis
497 2939 739 3022 exsculptomm
763 2937 937 3002 certiorem
954 2935 1091 3012 faciant,
1112 2954 1168 3016 ep.

120 3021 202 3101 vll,
241 3024 307 3088 447
347 3025 458 3089 viator
486 3026 627 3111 loquens
659 3025 839 3101 inducitur,
878 3026 956 3089 dum
989 3021 1167 3086 divinando

119 3109 211 3174 illam
238 3110 305 3175 rim
329 3111 526 3196 assequitur.
575 3112 610 3176 ln
636 3112 708 3176 aliis
737 3123 815 3194 epp:
836 3107 1035 3194 colloquium
1063 3115 1167 3190 pocta

119 3195 222 3264 linxit.
267 3195 326 3261 Sic
347 3197 423 3277 Vll,
451 3200 516 3262 tat
539 3200 648 3265 viator
670 3219 689 3262 e
710 3198 842 3281 sepulta
862 3193 1188 3278 interpretationem·

119 3283 302 3350 istiusmodi
329 3283 497 3371 signorum
525 3286 656 3372 quaerit
689 3283 833 3350 ethaeo
864 3284 1051 3366 respondet.
1078 3279 1168 3358 ltu,

121 3370 182 3436 161
208 3370 321 3456 aquila
341 3372 557 3437 Aristomenis
576 3369 741 3438 *Messenii
763 3369 888 3436 tumulo
914 3368 1067 3452 imposita
1097 3368 1167 3434 ria·

67 3511 74 3520 .
119 3457 193 3535 tori,
216 3461 260 3522 de
283 3457 379 3524 huius
398 3459 490 3524 sedis
514 3479 635 3526 cauma
651 3461 862 3543 interrogata,
884 3476 921 3521 se
943 3466 1169 3538 praestantem

117 3543 337 3610 Aristomenis
364 3543 585 3612 fortitudinem
613 3546 801 3631 significare
827 3546 883 3609 ait.
926 3542 1005 3621 Vll,
1024 3543 1091 3608 ooo
1111 3541 1167 3608 leo

117 3630 328 3714 exploratus,
363 3633 456 3698 cuius
476 3634 633 3698 tumolum
663 3643 816 3708 exornet,
845 3651 883 3695 se
905 3627 1080 3696 'l'eleutiae
1100 3629 1166 3696 vir-
1303 3655 1310 3665 ·

115 3717 196 3784 mtto
216 3737 298 3804 erga
320 3718 433 3784 hostes
458 3723 638 3804 praestitae
660 3739 781 3784 caussa
802 3719 926 3808 instare
944 3719 1136 3800 respondet.
1201 3787 1206 3795 ‚

205 3805 321 3873 Genus
342 3807 396 3872 lll.
441 3807 476 3872 ln
504 3807 569 3874 hoo
598 3827 739 3893 genere,
772 3808 861 3892 quod
884 3803 957 3870 lere
983 3802 1070 3869 solet
1090 3799 1162 3886 pul·

115 3889 314 3958 chetim
333 3913 425 3971 esse,
449 3892 548 3960 etiam
567 3894 744 3980 Antipater
768 3893 923 3959 Sidoniam
942 3889 1083 3957 maxime
1104 3907 1162 3952 ex·

115 3979 238 4046 calluit.
285 3980 392 4046 Primo
415 3983 457 4047 (le
470 3981 593 4068 eppira
616 3981 695 4050 artis
716 4001 822 4066 opera
839 3975 1027 4064 compositis
1049 3975 1160 4042 dicea-

115 4068 200 4132 ἀπ
222 4075 289 4166 est,
322 4067 461 4152 moram
494 4070 577 4136 duas
604 4069 755 4136 novimas
780 4067 924 4152 species.
977 4063 1074 4138 Quae
1106 4060 1161 4128 llic
