2726 4602
517 217 523 236 ι
530 217 536 224 ·
694 205 698 216 ’

674 271 744 342 44
920 281 929 299 “

904 307 911 316 .

401 377 404 392 Ι
608 346 812 375 menn—²*

785 395 794 410 0

74 513 77 526 ·
190 504 285 552 mm
305 495 477 568 pongor,
507 463 701 560 mamam
722 486 779 565 nn
800 473 882 563 aaa,
912 483 1016 548 teon.
1039 481 1117 550 ra.
1137 449 1239 560 'xva

190 569 265 647 306,
288 569 392 635 Leon.
407 570 481 650 307,
503 571 657 656 Eugenes
672 573 747 652 308,
769 572 962 656 Anonymus
977 569 1051 647 300,
1074 570 1130 656 qui
1151 570 1233 634 inra-

191 657 299 742 ginem
316 657 538 723 Anacreontis
558 661 756 738 cecinerunt,
779 658 979 742 Crinagoras
1001 656 1056 734 1Χ,
1079 653 1155 734 230,
1179 656 1237 741 qui

100 787 105 796 .
141 763 154 770 ·
190 743 411 809 Anacreontis
432 745 547 810 odaria
568 737 732 812 Aritoniae
753 749 839 812 dono
865 745 976 822 offert,
999 743 1143 808 lulianus
1165 742 1241 808 Ae·

186 831 324 915 *gyptius
351 830 428 910 vn,
457 831 498 896 32
522 841 561 896 et·
576 831 653 913 33),
686 834 738 898 sic
766 855 809 896 ex
836 851 928 898 more
954 831 1035 896 satis
1063 828 1236 912 divulgato

191 915 313 1000 singuli
333 918 532 1002 compluries
555 909 820 998 elaboraverunt.
865 918 1055 1004 Quinquies,
1077 927 1242 1003 quantum
1344 939 1345 944 ¹

167 1003 328 1082 scimus,
360 1004 438 1082 Vll,
471 1004 525 1069 23.
553 1006 606 1070 20.
635 1007 688 1072 27.
716 1006 769 1070 20.
798 1006 841 1070 30
872 1004 1047 1088 Antipater
1079 1003 1239 1068 Sidonius
1344 1009 1345 1080 j

82 1105 117 1156 ·.·
150 1117 152 1122 ’
191 1089 436 1156 Anacreontem
459 1092 601 1157 cantavit
619 1092 718 1178 idque
735 1101 871 1159 venuste
891 1103 928 1156 et
946 1092 1117 1175 eleganter
1136 1087 1238 1155 facite

111 1205 113 1208 ·
168 1191 180 1228 )

192 1176 369 1242 dolendum
395 1189 505 1257 tamen
535 1191 600 1257 est,
632 1182 718 1265 quod
748 1178 866 1244 horum
893 1199 1023 1264 quoque
1055 1176 1240 1243 carminum
1344 1203 1345 1222 ι

191 1262 320 1328 indoles
349 1264 525 1330 maxirnam
552 1277 679 1350 partem
700 1285 765 1330 non
786 1265 899 1338 nativa
922 1277 989 1342 est,
1021 1266 1081 1329 sed
1103 1261 1240 1328 aliunde

192 1349 309 1420 ascita.
354 1351 416 1435 Ep.
439 1352 526 1417 enim
547 1351 626 1431 Vll,
646 1351 688 1414 23
711 1351 836 1415 Simon.
861 1348 939 1429 Vll‚'
964 1353 1007 1416 24
1026 1361 1060 1414 et
1081 1347 1244 1414 Dioscor.

192 1434 426 1521 V11,31,.ep.
449 1436 520 1516 Vll,
549 1439 592 1504 30
619 1437 743 1502 Simon.
771 1437 840 1515 Vll,
869 1438 912 1501 25
939 1437 1080 1520 vestigia
1106 1436 1240 1520 pressit.

122 1547 130 1565 x
192 1521 264 1602 Vll,
286 1525 344 1601 26,
366 1526 401 1589 ni
422 1523 537 1602 fallor,
566 1523 732 1606 Anonymi
752 1524 846 1591 istius
873 1524 972 1589 ieiuni
992 1523 1062 1600 Vll,
1085 1521 1145 1600 28,
1169 1541 1243 1608 qua
1336 1522 1341 1531 '

193 1611 235 1673 de
257 1631 293 1674 re
317 1607 427 1694 tamen
449 1609 607 1677 Jacobsio
629 1631 726 1684 secus
747 1611 885 1676 videtur.
910 1609 1074 1676 'Carmen
1095 1607 1172 1686 Vll,
1194 1607 1241 1673 29
1277 1655 1281 1661 ι

193 1696 237 1762 ob
254 1695 571 1782 sonum-elegiacum
587 1697 747 1780 elegiacis
762 1697 869 1782 magis
884 1697 1013 1762 videtur
1035 1715 1110 1760 esse
1134 1715 1238 1761 annu·

112 1798 123 1810 ·
192 1785 401 1850 merendum:
429 1807 530 1870 quum
557 1797 667 1849 tamen
688 1784 767 1848 Ant.
788 1795 945 1849 nontam
975 1781 1128 1848 dolorem
1143 1801 1241 1848 sturm

194 1870 237 1936 de
250 1881 369 1936 *morte
400 1872 599 1954 exprimere,
633 1892 732 1957 quarn
759 1882 892 1952 poetam
920 1871 1058 1936 laudare
1086 1867 1244 1946 voluerit,

175 1967 228 2020 *et
249 1958 472 2041 quum-semel
494 1961 535 2022 de
555 1957 753 2020 canninibns
775 1957 807 2020 in
825 1957 1070 2023 ,Andersontem
1094 1955 1234 2020 dissera-

152 2110 158 2117 ,
193 2051 262 2119 tur,
296 2042 362 2106 hoe
388 2043 465 2108 loco
491 2046 695 2117 tractandum
713 2040 798 2108 'csse
827 2044 915 2108 duxi.
962 2029 1112 2108 Callatis¹
1129 2052 1239 2108 autern

96 2175 101 2196 .
194 2127 279 2195 inter
306 2149 343 2192 sc
373 2129 575 2212 argumentis
608 2129 749 2215 quinque
779 2131 963 2194 carminum
996 2127 1236 2198 similitudinem

194 2217 361 2300 quandam
382 2215 483 2282 facile
506 2216 733 2300 conspicamur
751 2215 836 2281 inter
856 2216 898 2280 23
921 2227 953 2281 et
975 2216 1035 2294 26,
1063 2215 1107 2278 27
1130 2212 1237 2280 0130.

83 2384 86 2388 ⁵
193 2300 232 2366 ln
251 2300 339 2382 illius
360 2303 450 2387 paris
478 2303 582 2369 altero
606 2303 750 2368 carmine
772 2302 932 2368 hederam
958 2301 1125 2386 lloresqne
1150 2301 1240 2366 circa

194 2385 413 2456 Anacreontis
435 2389 623 2474 sepulcrum
644 2390 768 2467 virere,
785 2390 873 2456 rino
895 2401 930 2454 et
955 2389 1043 2466 lacte
1066 2388 1139 2453 eius
1161 2407 1241 2452 ossa

195 2478 371 2561 conspergi
390 2477 566 2562 Antipater
583 2476 687 2560 cupit,
717 2475 823 2542 altero
844 2474 1136 2558 Anacreonipse,
1160 2473 1241 2540 Dio·

60 2549 63 2556 *
91 2619 96 2634 .
194 2564 268 2645 nysi
296 2563 373 2628 olim
402 2563 508 2630 cultor
541 2563 692 2628 assiduus
716 2583 747 2628 a
776 2563 903 2632 viatore
937 2563 1049 2628 vinum
1082 2572 1245 2648 tanquam

195 2651 464 2734 pernecessarias
491 2650 557 2714 sibi
594 2647 729 2714 inferias
763 2649 937 2734 efllagitat.
999 2649 1036 2712 ln
1049 2663 1053 2668 '
1068 2646 1135 2712 hac
1167 2647 1244 2732 pari

195 2736 416 2802 Anacreontis
445 2738 532 2819 apud
561 2734 685 2800 inferos
714 2737 854 2802 conditio
884 2736 1008 2820 agitur3
1043 2755 1098 2822 ep.
1115 2733 1159 2798 30
1180 2755 1242 2818 po·

197 2832 253 2888 eta
274 2843 349 2888 eum
368 2823 416 2888 ibi
438 2821 568 2908 quoqu‘e
597 2816 707 2886 can‘tui
729 2833 762 2888 et
784 2822 887 2887 amori
920 2822 1061 2890 deditum
1083 2839 1159 2886 esse
1181 2821 1242 2888 fin·

64 2950 72 2980 t
175 2909 259 2996 git,
288 2921 321 2975 et
345 2930 397 2994 ep.
420 2909 463 2974 27
494 2918 600 2992 optat,
631 2918 681 2986 ut,
713 2909 831 2994 quibus
858 2908 918 2974 diis
948 2909 1140 2993 deabusque
1170 2909 1241 2974 vita

198 3009 394 3064 consecrata
415 2995 540 3074 luisset,
569 2995 748 3072 Musarum,
776 2994 911 3073 Bacchi,
934 2995 1064 3062 Amoris
1086 2996 1181 3062 danis
1203 2994 1242 3060 il·

196 3083 241 3150 lic
263 3105 393 3170 quoque
415 3083 552 3160 linatur.
596 3082 658 3166 Ep.
671 3081 713 3148 29
727 3093 828 3166 poeta
851 3083 951 3162 dolet,
975 3084 1062 3168 qued
1083 3103 1150 3148 una
1167 3103 1242 3148 cum

197 3171 325 3238 cithara
351 3192 414 3236 sua
443 3181 476 3234 et
504 3169 633 3235 Smerdi
660 3168 725 3234 iam
752 3169 931 3236 Anacreon
959 3168 1113 3245 maniat,
1147 3169 1271 3236 cuius·

197 3258 359 3336 earmirm,
389 3257 511 3344 quippe
533 3257 589 3341 qui
609 3259 652 3322 ad
673 3275 850 3339 puerorum
871 3275 1002 3322 amores
1023 3247 1240 3331 inclinaverit,

125 3365 129 3376 ·
198 3363 258 3418 eos
272 3345 420 3410 maxime
448 3342 584 3426 spirent.
629 3343 726 3416 Quod
750 3354 865 3408 auctor
893 3342 1072 3416 lemmatis:
1100 3343 1242 3423 θαυμα·

197 3420 274 3494 στὸν
294 3422 333 3495 τὰ
355 3421 428 3495 iiior
446 3424 639 3514 ἐπίγραμμα
657 3427 839 3494 rectissime
855 3429 967 3506 sensit,
989 3427 1243 3512 pulcherrimum

198 3527 249 3582 est
271 3537 325 3601 ep.
349 3519 402 3583 27.
454 3517 558 3582 Poeta
586 3511 666 3580 nilril
687 3516 818 3594 melius,
846 3515 926 3582 nihil
952 3516 1120 3602 acceptius
1149 3515 1242 3580 Ana·

198 3604 325 3670 creanti
351 3623 391 3668 se
420 3613 536 3688 optare
564 3621 665 3684 passe
693 3602 817 3681 credit,
851 3624 951 3690 quarn
978 3614 1041 3682 ut,²
1061 3623 1148 3688 quae
1170 3602 1244 3669 viro

198 3689 384 3778 gratissirna
405 3688 541 3766 fuerint,
571 3687 611 3754 iis
635 3686 690 3755 vel
711 3700 859 3756 mortuus
879 3693 1046 3758 taneamrt
1077 3688 1166 3756 idem
1188 3709 1242 3772 ep.

197 3778 321 3846 nullum
349 3776 569 3844 Anacreontis
598 3775 739 3844 studium
766 3797 833 3842 non
862 3787 1112 3844 commemorat:
1131 3773 1243 3863 lupi-

199 3867 281 3946 ζειν,
303 3854 476 3946 κωμάζειν,
502 3857 588 3948 ἐρᾷν.
633 3863 802 3948 Expositis
823 3864 923 3932 valde
944 3862 1072 3948 placet:
1101 3861 1241 3947 penicil-

133 3965 136 3974 '
199 3954 267 4020 lum
288 3951 497 4020 viridissimis
519 3949 685 4016 coloribus
701 3949 852 4018 tinctum:
876 3951 973 4018 dictio
995 3950 1145 4035 elegans.
1175 3951 1243 4016 Na-

199 4060 263 4128 que
285 4037 389 4108 marus
412 4037 532 4106 bellam
554 4057 607 4121 ep.
626 4035 668 4104 23
690 4038 803 4123 poesis
821 4050 859 4137 et,
876 4038 964 4108 vitae
985 4038 1239 4127 Acamantem
