2726 4602
625 381 829 400 ,κάκου-ιά-

144 547 149 552 -
207 492 352 562 camina
386 493 417 562 in
455 506 600 560 extremo
634 493 746 560 libello
784 494 946 580 quaedam
980 492 1126 558 dicturus
1161 515 1243 560 sum.

93 611 98 634 ι
173 621 178 628 -
206 578 339 664 Optime
360 579 535 666 Jacobsius
556 580 589 659 in
610 578 652 646 A.
673 581 715 646 L.
738 580 777 646 Τ.
794 579 870 644 ΧΙΠ
891 601 927 663 p.
948 577 1014 648 848
1035 578 1246 662 Antipatrum

80 709 81 716 κ
204 665 425 734 Macedonem
443 665 821 734 &Thessalonicensem
842 669 982 732 eundem
1002 663 1170 732 hominem
1184 666 1242 732 ha·

204 752 273 818 bet.
300 752 554 820 ·'lhessalonica
573 754 668 821 enim
689 752 910 818 Macedoniae
931 750 1067 818 urbibus
1086 772 1243 822 annume-

204 848 296 906 ratur
317 839 453 923 abipso
475 837 555 904 Ant.
577 838 695 906 Thess.
717 839 776 917 tx,
797 839 879 906 428:
1000 833 1007 846 ⁸

274 934 277 948 '
334 921 394 990 Σοί
414 945 465 1024 με,
487 919 644 1011 Θρηϊκίης
662 912 853 1030 cnvlppo'pe,
875 918 1094 1008 Θεσσαλονίκη

419 1030 524 1096 pomp
545 1000 565 1096 ἦ
587 999 696 1096 πάσης
715 1021 831 1115 nappe
852 1004 1071 1095 Μακηδονίης.

161 1155 171 1172 χ
204 1093 374 1180 Philippus
396 1095 705 1174 Thessalonicensis
725 1097 873 1163 similiter
893 1097 927 1160 in
939 1094 1146 1178 Anthologia
1167 1115 1241 1178 pas·

204 1181 267 1246 0100
293 1181 439 1250 Macedo
462 1193 619 1263 vocatur,
652 1194 688 1248 ut
716 1184 749 1248 in
779 1184 874 1252 Plan.
895 1204 930 1266 p.
953 1182 1019 1248 478
1047 1184 1102 1246 ed.
1126 1179 1240 1264 Steph.

162 1277 168 1292 ‘
204 1266 306 1334 Certa
333 1271 489 1354 temporis
516 1280 596 1336 nota
621 1269 704 1336 nulli
729 1267 847 1336 horum
868 1288 929 1334 sex
952 1289 1030 1352 epp.
1050 1265 1154 1333 infixa
1176 1277 1239 1331 est:

83 1395 97 1406 -
126 1422 130 1430 ,
202 1373 270 1418 000
291 1366 477 1441 repugnant
496 1355 603 1439 igitur·
616 1356 718 1423 aetati
738 1356 816 1421 Ant.
840 1355 978 1432 Thess,
1006 1364 1128 1419 contra
1144 1373 1240 1418 unum

202 1439 262 1518 lX,
283 1441 359 1521 421,
391 1444 480 1528 quod
502 1441 633 1508 cladem
654 1441 745 1508 illam
766 1441 898 1506 Deliam
920 1441 1057 1524 attingit,
1089 1438 1240 1506 adhunc

203 1536 373 1592 auctorem
403 1527 553 1606 adducit,
585 1528 677 1594 cuins
703 1530 768 1593 duo
798 1548 874 1612 epp.
899 1529 942 1593 de
963 1529 1082 1595 eadem
1101 1545 1144 1589 re
1162 1524 1236 1589 huic

202 1609 368 1677 sindilima
388 1612 455 1678 iam
478 1611 582 1678 attuli.
626 1613 780 1692 Accedit,
802 1616 891 1700 quod
912 1613 976 1679 tria
997 1632 1074 1696 epp.
1091 1611 1153 1689 lX,
1165 1610 1237 1676 215.

202 1695 278 1764 282.
300 1699 363 1764 421
387 1719 430 1764 cx
451 1699 492 1764 iis
513 1702 557 1766 ad
579 1699 720 1784 Philippi
749 1685 915 1765 Coronani
942 1697 1141 1784 pertinuisse
1160 1699 1236 1762 Pas-

201 1784 314 1850 savias
336 1787 490 1853 ostendit.
689 1819 726 1856 „r
1123 1857 1127 1864 ⁴

288 1870 464 1955 Antipater
491 1891 573 1955 ergo
594 1869 874 1948 Thessalonicae,
902 1869 1125 1936 Macedoniae
1146 1870 1236 1946 urbe,

201 1967 297 2026 natus
319 1967 427 2024 aetate
448 1956 589 2038 Augusti
609 1956 699 2032 vixit,
721 1955 761 2023 L.
779 1953 958 2038 Colpumio
977 1955 1097 2034 Pisoni,
1119 1953 1236 2020 Besso·

201 2063 273 2110 rum
293 2043 428 2121 victoii,
458 2051 556 2106 notus
582 2039 642 2108 fuit
664 2042 799 2126 eiusque
821 2042 962 2124 gratiam
976 2041 1044 2107 sibi
1066 2041 1235 2127 quaesivit.

202 2126 329 2203 Quibus
351 2127 445 2194 annis
463 2136 560 2194 natus
583 2137 616 2191 et
638 2137 785 2192 mortuus
806 2128 858 2205 sit,
880 2147 1016 2212 prorsus
1035 2129 1234 2212 ignoramus.

66 2216 69 2222 ’
202 2211 420 2282 probabiliter
436 2213 589 2280 Pisonem
610 2211 753 2279 Romam
773 2224 907 2294 secutis
930 2224 993 2290 est.
1036 2210 1165 2282 Rhetor
1184 2211 1235 2278 vel

52 2348 70 2374 ,,
201 2299 433 2386 grammaticus
455 2299 559 2368 inisse
581 2309 614 2364 et
634 2309 768 2383 praeter
790 2299 1028 2400 epigrammata
1046 2300 1234 2371 001000000-

201 2388 290 2454 mina
312 2387 410 2472 epica
430 2385 552 2456 fecisse
573 2387 712 2470 videtur.
758 2399 766 2407 “

573 2820 762 2891 CAPUT
796 2822 868 2890 Vll·
979 2859 982 2864 ¹

79 2963 99 3050 χ
199 2959 284 3034 00
298 2909 892 3035 000000000οΉοΜ
907 2915 1232 3036 ammaon.

58 3186 86 3202 ”
137 3209 140 3216 κ
285 3173 361 3241 Non
384 3176 480 3242 aliter
502 3173 591 3260 haec
611 3179 786 3243 tractanda
809 3188 879 3256 est,
908 3198 1007 3263 quam
1032 3183 1122 3262 apud
1144 3179 1230 3244 Anti·
1319 3248 1323 3258 ,

183 3273 326 3348 ‘petrum
347 3260 539 3329 Sidoniumz
566 3263 692 3329 lectore
714 3263 811 3348 igitm·
838 3267 882 3330 ad
902 3283 960 3342 ea,
990 3285 1077 3351 quae
1099 3265 1236 3332 exordio

198 3369 274 3434 cap.
295 3348 338 3412 lll
361 3349 438 3425 dixi,
460 3347 616 3434 delegato
635 3353 680 3415 ad
701 3371 757 3415 res
781 3349 928 3434 singulas
949 3371 1003 3418 me
1025 3363 1194 3417 converto.

284 3432 343 3512 Vl,
364 3436 441 3520 241,
469 3435 542 3502 Hoc
565 3456 619 3520 ep.
639 3433 794 3502 Boivinus
816 3437 891 3503 1000
918 3435 1178 3520 supralaudato
1199 3461 1227 3523 p.
1312 3445 1317 3464 '

58 3585 60 3590 ,
198 3519 264 3588 307
286 3519 399 3600 edidit,
423 3525 510 3609 quod
532 3521 708 3588 Jacobsius
729 3523 763 3588 in
782 3522 890 3588 Anim.
912 3544 979 3588 non
1000 3525 1181 3591 annotavit.
1287 3558 1290 3569 ‹

284 3604 355 3685 Vll,
379 3607 497 3708 lav.
512 3610 540 3682 ,4
560 3595 597 3674 ὃν
617 3604 778 3676 Μουσέων
799 3599 877 3674 ἐννέ’
896 3599 1044 3696 ἀριθμός
1065 3605 1144 3692 ἔχει.-
1160 3611 1228 3678 Jac.

197 3693 229 3760 in
250 3691 294 3760 l).
316 3691 372 3758 Ea
406 3686 570 3780 „cptdpda
589 3690 750 3762 Μουσέων
772 3706 823 3760 est
844 3718 905 3780 pro
927 3694 1079 3774 Μοῦσαι,
1102 3698 1256 3784 quauta,

197 3801 280 3848 cums
293 3778 350 3846 ille
376 3777 497 3846 choros
519 3782 708 3849 celebrat.‘⁶
752 3779 884 3848 Dictum
909 3782 976 3850 hoa
1004 3784 1102 3850 etium
1129 3783 1236 3851 videri

195 3878 306 3951 potest
337 3869 381 3934 ‘ad
409 3865 651 3934 similitudinem
682 3867 786 3934 illius:
824 3867 942 3956 „ripae
969 3863 1037 3950 ἔχει
1063 3869 1229 3974 pemani

194 3971 310 4020 munes
331 3953 449 4020 Musas
470 3953 559 4040 apud
573 3972 612 4020 se
633 3954 763 4038 recepit
780 3965 936 4043 tanquam
957 3955 1117 4042 hospitas,
1140 3977 1228 4026 emus

196 4040 343 4108 carmina
360 4040 503 4110 omnium
524 4037 694 4108 Musatum
715 4041 839 4126 gratias
858 4042 996 4128 spirant.
