2742 4600
549 429 753 448 *nu-*nunn-

130 537 410 606 encemitloous
437 536 609 606 Ciceronis
625 487 670 608 de
685 541 777 610 Crat.
803 537 827 608 l,
849 525 895 603 lll
914 557 944 604 a.
966 533 1026 600 ὅθι
1051 532 1174 618 „qnod-

183 623 359 710 Antipater
378 624 436 692 ille
457 625 629 706 Sidonius,
643 647 742 715 quem
762 637 808 706 tu,
831 623 961 702 Catule,
981 622 1086 705 probe
1107 637 1174 682 me·
1301 659 1306 666 -

131 711 273 792 miniati,
298 711 416 797 solitus
442 724 494 778 est
519 735 636 780 versus
662 714 872 786 hexametros
899 709 1048 794 aliosque
1066 703 1176 770 sarta

130 798 244 864 modis
265 809 364 886 atque
391 799 534 866 numeris
562 799 702 868 fundere
723 821 769 870 ex
784 811 958 884 tempore,
987 803 1176 876 tantumque

128 881 277 950 lrornirtis
302 885 464 970 ingeniosi
482 907 525 952 ac
545 890 700 953 memoris
727 886 864 954 valebat
891 880 1098 956 exercitatio,
1129 887 1175 954 ut,
1256 924 1259 932 ,

131 989 235 1057 quum
268 991 307 1036 sa
337 983 448 1038 mente
479 993 524 1040 ac
548 973 717 1040 volumtate
751 972 947 1039 coniecisset
973 969 1005 1034 in
1033 985 1176 1048 versum,
1205 987 1213 1027 ·.

130 1059 242 1124 verba
263 1070 495 1156 sequerenturt
525 1072 647 1149 quanto
668 1061 703 1127 id
724 1057 856 1126 facilins
876 1059 910 1122 in
923 1055 1096 1150 ¹oratione,
1120 1071 1177 1114 ex·

131 1144 329 1210 ercitatione
360 1156 395 1210 et
426 1148 662 1214 consuetudine
694 1148 856 1226 adhibita,
898 1146 1176 1227 consequemur.‘⁴

130 1229 251 1298 Ver-bc
274 1241 350 1297 sunt
376 1233 520 1298 oratoris
550 1234 590 1303 L.
611 1235 731 1302 Licinii
758 1233 887 1310 Crassi,
937 1230 971 1295 ui
997 1227 1178 1293 seeundum

131 1315 205 1387 Cic.
236 1315 329 1396 Brut.
355 1317 399 1384 43
420 1339 452 1388 a.
474 1341 509 1388 ι.
531 1339 562 1389 c.
590 1321 656 1386 614
683 1331 781 1386 natus
809 1252 1023 1384 Consulatum
1053 1333 1085 1379 a.
1113 1309 1178 1376 669

131 1425 210 1470 enm
231 1403 277 1478 Q·
299 1403 413 1470 Mucio
434 1405 602 1472 Scaevola
619 1407 731 1492 ¹gessit
752 1417 785 1470 et
806 1425 838 1472 a.
862 1402 927 1470 663
948 1411 1093 1466 mortuus
1116 1409 1176 1463 est.

108 1493 112 1502 ’
130 1485 263 1558 Eodem
285 1510 372 1556 anno
401 1491 559 1578 dialogus
581 1497 622 1562 de
648 1493 808 1570 Oratore,
839 1510 936 1577 quem
958 1487 1079 1552 Cicero
1103 1504 1178 1550 oum

133 1576 201 1652 Qu.
232 1575 337 1642 nune
354 1580 590 1659 communicat,
619 1579 751 1646 habitus
773 1595 834 1645 est.
879 1573 932 1644 Cf.
955 1577 998 1640 de
1017 1573 1075 1640 Cr.
1099 1572 1123 1649 l,
1146 1573 1176 1638 7.

133 1663 321 1741 ¹10ffl27·
350 1663 507 1734 Crassum
533 1667 753 1742 Quaesturam
781 1664 815 1730 in
842 1661 1047 1730 Macedonia
1075 1657 1177 1724 fuisse

130 1749 278 1816 seimus:
303 1769 408 1836 quare
428 1773 510 1817 vero
531 1773 690 1842 perquam
711 1751 816 1822 simile
839 1761 900 1827 est,
923 1770 998 1813 eum
1019 1748 1052 1811 iu
1072 1746 1177 1810 Grae·

132 1834 187 1901 cia
206 1848 399 1902 versantem
418 1837 625 1922 Antipatrum
645 1849 791 1918 unarum
813 1836 1021 1922 cogitavisse.
1066 1834 1177 1906 Quae·
1209 1903 1212 1912 Ι

131 1922 214 1988 rinrr
236 1941 330 2006 ergo,
352 1944 417 2009 quo
437 1943 525 1990 anno
546 1925 767 2001 Quaesturam
790 1923 945 2006 gesserit:
979 1917 1097 2005 procul
1119 1921 1177 1984 du·

130 2009 188 2076 bio
210 2019 291 2074 ante
320 2029 353 2077 a.
375 2010 457 2090 ott,
486 2022 556 2098 'quo
587 2012 751 2078 Tribunus
779 2009 888 2094 plebis
917 2019 1003 2072 erat:
1039 2005 1083 2075 cf.
1106 2005 1176 2072 Cic.

133 2093 226 2164 Brut.
249 2116 281 2163 e.
295 2095 354 2160 43:
377 2114 486 2184 neque
506 2111 627 2176 tamen,
649 2109 685 2191 nt
704 2099 845 2176 videtur,
867 2107 943 2160 ante
963 2115 1083 2176 armum
1100 2093 1177 2169 645,
1240 2167 1245 2174 .

28 2175 30 2208 ³
134 2203 200 2270 quo
221 2184 267 2247 ad
288 2201 410 2246 annum
430 2205 530 2250 rmum
552 2195 585 2250 et
606 2185 820 2262 nieesirnmn,
851 2191 994 2249 aetatem
1016 2183 1177 2256 Quaestu-

132 2288 195 2334 rae
212 2265 403 2353 legitimam,
422 2269 568 2348 (Ernest.
587 2271 658 2340 Cic.
675 2272 742 2340 ind.
758 2271 825 2354 leg.
842 2291 876 2338 v.
892 2267 1014 2336 Annal
1035 2278 1068 2332 et
1084 2267 1176 2351 Pigh.

132 2354 248 2424 annal,
267 2365 290 2422 t.
308 2355 336 2420 ll
357 2375 392 2438 p.
408 2354 490 2430 334)
511 2358 672 2441 pervenit.
716 2357 758 2433 Q.
781 2355 932 2423 Lutatius
954 2351 1100 2432 Catulus,
1122 2353 1179 2439 qni
1222 2357 1229 2380 l

137 2461 169 2510 a.
201 2440 266 2506 666
297 2461 319 2506 a
345 2441 455 2508 Mario
481 2445 686 2529 proscriptus
712 2463 751 2508 se
775 2444 848 2528 ipse
873 2439 1051 2518 interiecit,
1084 2452 1119 2506 et
1139 2439 1178 2506 C.
1230 2485 1235 2505 .

139 2525 270 2592 Marius
298 2541 450 2615 quartum
476 2549 510 2597 a:
536 2529 601 2596 652
630 2529 726 2598 Coss.
757 2525 863 2596 fuere.
913 2525 956 2595 A.
984 2526 1048 2592 663
1074 2529 1180 2611 probe

136 2614 329 2680 meminisse
346 2616 553 2700 Antipatrum
570 2617 604 2682 in
623 2616 699 2682 loeo
719 2613 889 2686 Ciceronis
910 2614 1040 2684 dicitur:
1063 2617 1179 2680 decem

135 2700 237 2784 igitur
257 2701 314 2766 vel
334 2702 449 2786 viginti
470 2722 575 2768 annos
601 2713 678 2768 ante
704 2723 779 2768 cum
806 2714 910 2788 poeta
928 2711 1082 2768 versatus
1103 2721 1179 2768 esse

135 2789 279 2864 ridetur,
299 2787 474 2874 Antipater
495 2781 527 2858 ιι.
549 2789 615 2856 643
644 2800 814 2873 superstes
834 2787 952 2856 finiam:
1005 2792 1072 2855 nod
1093 2790 1180 2854 bene
1282 2801 1287 2810 ·

137 2874 295 2940 convenit
315 2895 389 2940 crim
411 2897 454 2940 eo
480 2885 647 2960 tempore,
673 2899 737 2963 qno
756 2875 899 2942 Crassus
925 2875 957 2940 in
1016 2876 1179 2941 eeedonin

139 2971 362 3026 aomnoratus
390 2973 452 3029 est.
496 2961 565 3028 Sed
586 2983 631 3028 ne
656 2963 752 3028 nimis
779 2963 914 3028 multum
937 2961 1031 3040 hnic,
1058 2963 1178 3047 quippe

140 3064 231 3134 qnae
252 3069 318 3112 non
339 3047 420 3114 satis
442 3058 512 3114 tuta
532 3050 585 3130 sit,
605 3050 814 3116 coniecturae
826 3047 958 3116 dedisse
975 3048 1103 3125 videar,
1122 3067 1179 3112 us·

142 3155 210 3220 que
230 3137 277 3200 ad
298 3153 330 3201 a.
353 3134 418 3199 636
439 3135 646 3220 Antipatrum
666 3136 864 3204 interrivos
885 3133 988 3200 fuisse
1007 3134 1028 3200 i.
1043 3153 1073 3200 e.
1092 3155 1194 3198 anno·

139 3220 307 3285 tricesino
329 3220 426 3286 tertio
447 3231 524 3286 ante
545 3235 682 3288 mortem
705 3221 828 3302 Crassi,
849 3223 978 3288 annmn'
990 3231 1070 3285 tunc
1090 3221 1179 3286 deei-
1243 3227 1269 3318 ‘y
1291 3231 1294 3241 '

140 3327 229 3372 mam
250 3305 378 3373 tertium
400 3309 546 3392 agentis,
568 3312 775 3377 contendam.
818 3310 844 3374 F
847 3308 1023 3374 militatem
1042 3307 1179 3393 Antipa-

129 3394 182 3485 tri
204 3391 476 3478 extemporalem,
509 3405 576 3482 qua
594 3395 713 3462 Cicero
739 3406 896 3486 tanquam
918 3393 1097 3478 exemplari
1117 3397 1179 3461 uti·
1241 3467 1244 3476 ,

141 3495 205 3558 tur,
234 3503 277 3546 ex
298 3481 365 3546 lroe
384 3493 521 3548 auotore
546 3482 784 3559 Quinctilianus
806 3485 923 3548 eodem
952 3481 1088 3547 consilio
1109 3481 1179 3548 lau·

141 3570 210 3650 (¹⁸5
231 3567 255 3637 ¹·
277 3567 322 3648 Χ,
343 3571 375 3648 7,
399 3569 455 3635 19ι
484 3581 680 3649 „caeterum
700 3567 875 3654 pervenire
897 3588 937 3632 eo
961 3571 1066 3636 dehet
1082 3567 1178 3650 (iaei-
1296 3593 1299 3600 ·

142 3653 218 3720 litas
239 3655 508 3742 extemporalis),
534 3667 571 3724 ut
598 3655 755 3740 cogitatio
782 3677 848 3722 non
869 3654 981 3742 ntique
1002 3655 1118 3721 melior
1138 3657 1180 3720 sit

143 3759 187 3806 ea
206 3744 268 3807 sed
288 3742 400 3818 tutior3
432 3763 507 3810 cum
531 3741 620 3811 hanc
646 3742 837 3810 felicitatem
863 3764 929 3808 non
957 3763 1060 3828 prosa
1080 3745 1178 3808 modo

144 3825 237 3892 multi
255 3829 320 3895 sint
340 3829 526 3908 consecuti,
554 3833 616 3896 sed
644 3831 741 3894 etiam
763 3829 923 3908 camnine,
951 3841 987 3894 ut
1007 3827 1180 3912 Antipater

144 3913 300 3982 Sidonius
321 3927 355 3982 et
369 3915 516 3982 Licinius
531 3916 689 3984 Archias:
712 3920 911 3984 credendum
927 3917 1013 3982 enim
1026 3913 1179 3981 Ciceroni

146 4009 231 4072 ett.“
261 4001 317 4068 Ad
336 4002 437 4072 vitam
459 4013 579 4090 poetae
599 4003 703 4072 nostri
723 3999 804 4070 facit
826 4004 901 4072 dein
913 4001 1033 4068 Plinius
1055 4001 1087 4066 in
1103 3999 1178 4068 hist.

143 4101 208 4160 nat.
234 4087 304 4171 Vll,
326 4087 386 4156 et:
408 4088 601 4176 „Antipater
621 4089 777 4160 Sidonius
797 4101 907 4177 poeta.
919 4085 1067 4156 onutibus
1088 4089 1180 4156 arinis
