2726 4602
189 521 269 586 'vera
292 532 324 584 et
345 519 443 584 unica
471 519 668 587 haberemus
698 536 804 608 euque
833 519 927 606 quasi
957 531 1091 585 nomm
1103 517 1155 584 usi
1177 521 1225 584 ad

167 605 362 690 ,ιιιιιιιοιοιξ
331 625 417 672 ram
441 607 608 673 Graecam
629 611 875 686 accederemus
898 607 1027 690 magnis
1041 607 1079 670 ιιι
1103 606 1224 692 quavis

185 695 310 794 pagina
333 691 577 760 difficultatibus
598 694 859 799 implicaremur
886 695 988 778 longe
1012 694 1097 784 enirn
1118 691 1223 778 pluri·

185 785 241 846 ina
273 782 419 846 carmina
453 781 690 864 exspectationi
723 789 860 847 nostrae
892 803 957 846 non
994 774 1222 844 occurrerent.

186 867 264 934 lnde
283 867 396 953 liquet,
420 867 745 953 epigrammatarius
765 869 860 932 sicuti
881 866 1021 932 omnium
1045 865 1117 930 fere
1137 885 1221 949 poe·

187 955 234 1020 sis
262 975 417 1060 generum
450 955 573 1020 Graeci
600 969 754 1021 auctores
784 967 818 1020 et
849 953 1051 1039 exemplaria
1077 951 1223 1030 luerunt,

186 1039 358 1106 historiam
382 1045 546 1126 quandam
557 1041 712 1110 habuisse
737 1051 769 1105 et
779 1051 963 1126 temporum
980 1043 1121 1106 decursu
1142 1057 1223 1104 esse

187 1139 358 1194 mutatum:
382 1149 443 1194 nos
464 1129 570 1229 igitur3
594 1130 711 1214 quide
734 1128 977 1212 epigrammatis
990 1125 1131 1193 Graecis
1154 1127 1221 1191 dis

78 1263 80 1268 -
187 1218 299 1280 serere
317 1213 465 1294 velimus,
490 1236 531 1279 ex
559 1216 591 1300 ip
593 1217 660 1280 slus
688 1215 911 1300 Anthologiae
941 1215 1120 1280 carminum
1142 1233 1223 1276 con·

187 1299 399 1387 templatione
420 1301 587 1367 notionem
610 1303 680 1366 eius
702 1303 827 1386 fingere
850 1304 985 1368 debere.
1029 1301 1105 1374 Quo
1128 1298 1222 1364 facto

184 1388 341 1454 transitus
364 1389 408 1456 ad
428 1389 622 1454 hodiernam
650 1388 789 1454 formam
816 1409 882 1453 non
910 1387 1030 1473 poterit
1055 1399 1122 1454 ιιοιι
1145 1405 1223 1450 esse

186 1475 407 1562 patefactus.
443 1475 538 1540 Aliud
571 1476 748 1578 negotium,
777 1475 869 1542 cuius
901 1474 1085 1539 necessitas
1113 1473 1222 1557 primo

188 1561 358 1628 oculorum
391 1563 504 1626 obtutu
537 1567 688 1645 apparet,
719 1559 908 1626 distributio
951 1562 1223 1663 epigrammatum

118 1669 123 1676 ·
188 1659 248 1713 est
260 1649 292 1712 in
312 1667 437 1738 genera
455 1650 629 1733 quaedam.
675 1648 780 1722 Qua·
771 1669 805 1713 m
826 1667 863 1712 re
885 1649 914 1713 si
930 1649 1101 1724 rationem,
1121 1665 1222 1748 quam

117 1769 121 1780 ·
186 1735 309 1802 diversi
330 1733 598 1818 anthologiamm
622 1735 811 1800 conditores
839 1735 946 1800 secuti
967 1745 1053 1811 sunt,
1083 1732 1221 1816 respici·

187 1829 269 1900 nus,
291 1837 357 1886 non
385 1841 586 1907 magnopere
615 1822 818 1887 adiuvamur.
875 1823 977 1900 Ordo,
1007 1836 1105 1910 quem
1132 1819 1225 1901 apud
1293 1879 1296 1887 .

187 1905 396 1992 Meleagrum
414 1919 446 1972 et
458 1907 639 1994 Philippum
657 1907 953 1986 animadvertimus,
973 1925 1092 1972 revera
1110 1903 1224 1977 nullus

186 1997 248 2060 est.
283 1994 444 2078 Agathias
466 1995 596 2094 cyclum
618 1993 1133 2096 suum‚uteprcoem10plannm
1155 2001 1224 2070 est,

186 2082 238 2145 'sic
260 2081 470 2166 descripsit.
482 2071 723 2184 ἄναθημαιικά,
750 2081 930 2166 regionum,
956 2079 1148 2157 statuarum,
1166 2089 1222 2144 ta-

187 2167 339 2232 bularum
358 2168 561 2272 aliorumque
585 2168 663 2232 artis
685 2186 822 2270 operum
842 2168 1087 2252 descriptiones,
1109 2165 1219 2268 sepul·

154 2327 159 2338 ⁵
185 2243 310 2348 ''c'ralia,
334 2255 480 2360 earmina
501 2255 534 2318 in
561 2254 674 2337 varios
695 2255 783 2319 vitae
809 2254 975 2319 humanae
1004 2271 1120 2330 casus,
1130 2251 1219 2315 sati·

186 2329 276 2429 ileu,
285 2319 481 2421 amatoria,
487 2361 539 2420 ea,
562 2351 652 2428 quae
677 2341 824 2407 advitae
847 2341 986 2406 fructum
1008 2352 1041 2405 et
1062 2339 1223 2420 laetitiam

188 2421 411 2494 exhortantur.
455 2429 530 2494 Non
552 2448 668 2506 unum,
696 2431 772 2494 sed
777 2429 842 2494 duo
864 2440 939 2496 sunt
962 2426 1128 2493 divisionis
1149 2413 1223 2490 lun

190 2518 352 2618 damenta,
372 2535 458 2602 quae
481 2513 647 2580 dicuntur:
669 2517 767 2580 modo
788 2533 855 2594 res,
879 2515 931 2581 cui
953 2532 1006 2598 ep.
1024 2512 1222 2594 inscribitur,

188 2614 225 2667 ut
244 2601 277 2665 in
298 2601 322 2678 l,
345 2601 383 2678 ll,
405 2601 458 2678 lll,
480 2601 538 2680 lV,
560 2599 607 2666 Vl
626 2622 760 2685 genere,
782 2599 912 2686 singula
942 2602 1088 2666 carmina
1107 2619 1225 2684 segre—

189 2697 256 2772 gat,
277 2691 374 2752 modo
397 2689 492 2763 ratio,
521 2707 586 2772 qua
613 2709 668 2752 res
696 2709 718 2752 a
743 2700 845 2771 poeta
874 2699 1013 2753 tractata
1044 2697 1103 2764 est,
1131 2697 1169 2751 ut
1189 2686 1225 2749 in

189 2774 220 2836 V
234 2793 367 2857 genere.
413 2775 526 2858 ltaque
549 2773 651 2836 idem
659 2794 791 2838 carmen
816 2776 963 2840 ecdem
954 2795 1025 2840 rure
1049 2785 1081 2838 et
1101 2772 1225 2838 adhoc

190 2873 223 2926 et
244 2863 287 2925 ad
307 2859 389 2924 illud
432 2879 535 2944 genus
554 2859 703 2942 pertinet.
749 2859 866 2953 Nonpe
889 2881 944 2944 ep
968 2859 1203 2945 sepulcrale
1177 2879 1223 2926 sr-

189 2947 255 3012 mul
276 2947 443 3012 satiricum
473 2967 560 3011 esse
574 2947 721 3029 potestt·
750 2929 866 3011 Nonne
895 2948 980 3013 idern
1011 2959 1140 3012 statuae
1164 2949 1223 3011 de·-

189 3035 405 3120 scriptionem
420 3031 610 3101 continere?
642 3033 758 3119 Neque
782 3035 889 3112 omnia
912 3055 988 3120 epp.
1010 3036 1044 3100 in
1065 3033 1116 3114 his
1138 3031 1224 3103 locis
1300 3052 1307 3058 ·

189 3119 353 3187 collocari
366 3133 516 3204 possunt.
560 3117 652 3206 Ep·
642 3139 675 3184 m
697 3130 831 3206 poetam
842 3121 913 3186 vel
919 3122 1033 3186 aliurn
1026 3107 1170 3186 virum
1162 3141 1222 3184 ex-

190 3207 373 3286 cellentem,
397 3211 485 3293 qtmd
505 3205 694 3290 sepulcrale
717 3208 856 3292 cogitari
875 3221 1030 3294 nequeat,
1059 3228 1137 3309 qup
1146 3225 1223 3291 per

189 3295 291 3360 tinet?
343 3294 470 3360 Similia
490 3293 570 3358 vitia
593 3293 761 3378 Cephalae
785 3306 818 3358 et
846 3295 1001 3362 Planudis
1030 3294 1224 3378 partitiones

74 3437 76 3446 .
115 3449 120 3456 ,
187 3382 321 3446 habent.
378 3383 487 3457 Quam
515 3378 582 3445 late
619 3381 736 3446 classis
765 3381 830 3444 τῶν
861 3377 1086 3446 ἐπιδεικτικων
1117 3392 1222 3465 patet,

190 3489 353 3558 quamque
376 3479 454 3552 apta
477 3477 526 3532 est
549 3469 591 3532 ad
614 3467 723 3533 omnia
746 3487 787 3532 ea
808 3464 1013 3553 recipienda,
1045 3486 1153 3554 quae
1150 3467 1223 3534 olio

188 3569 255 3622 ἰιοιι
277 3552 453 3639 quadrant!
498 3554 684 3619 Secrmdum
715 3575 787 3633 res,
816 3556 932 3642 quibus
960 3575 1036 3642 epp.
1065 3551 1224 3638 inscripta

189 3654 272 3721 sunt,
295 3639 469 3708 Jacobsius
491 3662 532 3707 ea
555 3640 745 3708 ordinavit
736 3661 769 3705 m
792 3639 833 3706 D.
857 3641 895 3708 E.
918 3653 951 3707 et
972 3643 1004 3708 in
1021 3641 1089 3707 Vit.
1103 3653 1136 3708 et
1158 3653 1219 3707 art.

189 3740 267 3796 vett.
290 3748 324 3813 p.
348 3731 373 3792 l.
425 3730 521 3803 Quae
550 3749 663 3794 omnes
672 3726 872 3794 divisiones
900 3751 923 3796 a
951 3731 1050 3794 rebus
1079 3720 1222 3794 externis

186 3817 312 3966 pptitae
332 3824 407 3881 sunt
434 3825 647 3902 naturamque
677 3836 730 3899 ep.
758 3809 989 3921 plerumque
976 3836 1044 3880 nou
1071 3820 1221 3913 tangrmt.

222 3903 375 3969 idendum
392 3921 483 4006 ergo,
505 3914 540 3967 ut
551 3901 761 4002 historiaep.
726 3904 845 3988 pper
856 3904 966 3970 omma
976 3903 1129 3989 tempora
1145 3915 1221 4016 per·

189 3991 340 4056 lustrata
350 3986 532 4076 partitionis
551 3981 642 4055 'viam
666 3993 860 4056 ostendat.
924 4017 932 4031 .

266 4073 327 4141 De
348 4085 466 4144 natura
489 4087 522 4141 et
544 4075 652 4142 indole
685 4095 738 4202 cp.
759 4076 896 4156 Graeci,
925 4087 960 4143 ut
991 4069 1225 4156 antecessores
