2742 4600
591 247 598 256 .

565 285 569 292 ι
648 279 654 290 ί

562 403 567 414 ..
660 335 694 406 1

582 428 782 440 ι--υ-ιυ-ι-ι-

158 529 285 617 somme
302 553 416 621 denno
439 550 608 634 diligentia¹
620 548 744 619 collato
767 551 815 614 ab
832 548 875 615 A.
889 548 919 614 J.
935 548 1108 626 Paulesen,
1123 547 1204 632 hip-

144 639 239 704 'eiae
255 637 350 704 1817.
396 636 515 724 Neque
536 647 648 702 tamen
674 633 739 700 illis
768 636 987 720 temporibus,
1017 651 1204 722 quenquam

134 719 255 790 neme
279 744 411 807 parem,
441 723 534 798 solbs
568 721 747 790 Jacoheius
762 735 919 806 operam
955 725 1040 806 epp.
1063 720 1205 786 limacis

23 857 29 866 -
97 893 101 896 Ι
157 811 328 893 impendit.
370 809 526 896 Aliquem
548 807 676 874 laboris
693 819 823 894 partem
842 809 876 874 ei
897 808 1203 874 minnebenbnctae

158 913 237 960 mss.
263 907 295 960 et
318 895 567 962 emendationes
595 895 717 980 passim
747 893 855 960 editae
886 893 1090 972 Buttrnanni‚
1123 896 1204 960 Pas-
1297 939 1306 958 2
1339 935 1344 942 ‚

157 982 255 1058 eonii,
282 980 468 1061 Schaeleri‚
496 981 670 1064 Spitznen,
699 980 819 1057 Baebii,
847 978 1089 1058 Boissonnedli‚
1112 978 1231 1044 Welr
1264 1014 1265 1020 κ

158 1067 263 1146 cheri,
286 1067 454 1156 Meinelrii‚
474 1067 611 1132 Graevii
631 1066 816 1152 Meleager,
839 1065 1000 1132 Huschhii
1022 1055 1112 1132 anal.
1131 1065 1204 1130 erit.

69 1229 71 1242 Ι
158 1149 255 1218 Multi
276 1162 453 1237 praeterea
474 1151 622 1236 fuerunt,
651 1153 707 1239 qui
728 1152 949 1238 Anthologias
979 1167 1027 1218 ex.
1042 1151 1205 1218 Antholo-

157 1239 221 1324 giis
252 1238 415 1317 fecerent,
454 1237 635 1304 carmintnn
661 1251 782 1304 tamen·
804 1237 1109 1323 interpretationem
1138 1255 1206 1326 non
1251 1313 1257 1330 .

154 1336 325 1398 curarent.
370 1325 458 1392 Vide
488 1345 548 1390 eos
575 1326 610 1390 in
632 1325 817 1392 Holl'manni
837 1325 904 1390 lex.
925 1324 1004 1391 bibl.
1028 1326 1067 1390 T.
1091 1327 1168 1388 le.»
1181 1333 1205 1388 t.
1301 1329 1304 1346 '

158 1410 373 1495 Anthologia.
425 1457 428 1464 ·

246 1499 282 1563 ln
305 1496 536 1564 enumerandis
555 1495 699 1568 virorum
720 1497 892 1560 doctorum
915 1495 1023 1573 libris,
1051 1494 1108 1580 qui
1126 1503 1206 1577 post

21 1597 24 1620 ³
88 1561 92 1579 ¹
159 1580 765 1664 JacobsiiAnthologiamPalatinam
782 1583 876 1646 cirea
890 1600 966 1646 eam
976 1581 1206 1657 versati-sent,
1246 1617 1249 1628 ·

88 1733 90 1740 Α
159 1670 245 1747 etii,
276 1669 332 1754 qui
350 1672 394 1733 ad
412 1666 637 1750 Anthologiae
659 1666 799 1732 salutern
820 1667 901 1732 nihil
920 1667 1141 1744 contuderunt,
1170 1677 1207 1730 et

158 1755 199 1832 ii,
223 1755 279 1840 qui
299 1753 493 1838 Antipatros
513 1773 580 1818 non
601 1763 754 1836 tangunt,
781 1753 1007 1830 excludentur.
1051 1753 1105 1818 A.-
1121 1751 1207 1818 1822

159 1845 306 1920 demum,
344 1841 526 1927 quodiam
558 1839 707 1924 proximo
740 1841 878 1906 saeculo
904 1840 1093 1905 inchoatum
1122 1847 1206 1914 erat,

158 1943 245 2012 opes
280 1927 467 1994 ahsolutum
507 1935 574 2004 ebt,
619 1926 717 1992 editio
750 1925 973 2010 Anehclegiae
1012 1915 1208 1990 Plenudeee

159 2013 334 2097 splendide
361 2032 423 2096 per
444 2012 677 2095 Hieronymum
702 2015 744 2076 de
772 2011 882 2078 Bosch
905 2015 1087 2097 eademque
1115 2008 1207 2076 haud

161 2099 260 2166 dubie
281 2099 406 2178 ultima.
453 2097 531 2162 'l'rie
550 2097 664 2180 priora
685 2096 764 2162 v'oll.
786 2118 818 2162 e.
844 2097 940 2176 1795,
961 2099 1004 2164 97
1026 2095 1126 2162 etas
1147 2095 1208 2161 Ul.

160 2185 289 2250 traiecti
317 2185 351 2249 in
378 2183 487 2248 lucem
515 2183 636 2248 emissa
662 2203 730 2248 une
755 2198 833 2268 eum
854 2183 896 2248 H.
920 2184 1025 2250 Grotii
1042 2184 1207 2266 interpre-

160 2267 285 2336 tatione
302 2269 444 2362 Graeco!
457 2269 561 2335 textui
583 2269 755 2354 eregione
775 2270 893 2354 posita.
939 2271 1067 2348 Quibus
1089 2287 1207 2334 acces·
1333 2335 1360 2366 ,4

160 2359 202 2423 sit
224 2357 361 2424 1118111
382 2355 427 2420 Ν
439 2356 508 2422 vol.
532 2359 586 2422 ed.
609 2369 728 2422 eornm.
749 2355 782 2421 in
801 2355 875 2422 libr.
894 2357 906 2421 l
925 2368 958 2421 et
972 2357 1001 2421 ll
1024 2356 1206 2422 continens.
1359 2387 1360 2398 1

162 2443 317 2518 Quintum
339 2461 372 2507 a.
397 2442 481 2508 laen
504 2441 579 2518 Jao.
601 2460 669 2508 van
697 2442 835 2527 Lennep
866 2464 886 2508 e
908 2441 1042 2510 Boschii
1065 2464 1097 2507 a.
1122 2441 1206 2508 1811
1277 2516 1281 2530 .

163 2539 267 2594 morte
291 2527 419 2610 abrepti
440 2527 574 2594 schedis
597 2539 629 2617 et
651 2528 754 2610 ipsius
776 2547 864 2611 penu
882 2551 956 2595 cum
974 2529 1134 2595 indicibus
1143 2521 1208 2592 uti·

161 2615 295 2679 lessimis
316 2613 428 2677 edidit·
471 2615 508 2679 ln
530 2614 610 2677 artis
634 2615 769 2678 criticae
791 2615 1028 2686 exercitatione
1045 2613 1208 2679 Roschius

52 2701 57 2713 ⁸
122 2688 132 2702 ’
164 2722 204 2764 eo
228 2719 249 2762 a
270 2698 412 2762 veritate
439 2712 542 2779 saepe
565 2701 713 2776 aberrat,
742 2703 829 2784 qnod
858 2702 1003 2764 versioni
1025 2700 1209 2765 Gratianae

164 2783 268 2848 verba
291 2781 435 2855 'Graeca
449 2784 703 2846 accommodare
724 2787 850 2848 studete
882 2786 915 2848 in
941 2785 1208 2869 interpretatione

154 2883 403 2954 'saepenumero
436 2866 524 2934 ultre
554 2869 785 2934 necessitatem
816 2872 977 2936 verbosus
1008 2882 1059 2935 est
1085 2890 1207 2955 resque

132 2953 134 2960 ’
164 2955 336 3022 admiscet·
353 2953 503 3024 alienes.¹
534 2953 695 3036 Lcnnepii
725 2955 948 3022 additamenta
978 2956 1080 3022 multa
1107 2975 1207 3040 pree·

165 3043 258 3108 clare
289 3042 462 3129 praebent.
506 3039 678 3124 Respecto
706 3042 909 3132 potissirnpm
942 3047 986 3109 ad
1014 3042 1210 3126 Antipatrcs

162 3130 275 3196 habito
306 3126 453 3192 ultimam
487 3126 596 3210 operis
626 3137 755 3211 partem
783 3127 991 3213 percontavi
1011 3148 1077 3195 nec
1097 3140 1208 3196 tamen

163 3219 240 3281 inde
261 3231 416 3297 magnum
438 3211 579 3277 fructum
600 3213 709 3278 retuli.
771 3210 775 3218 '
1095 3253 1098 3258 -

251 3301 412 3365 Delectus
439 3299 711 3382 epigrammatum
740 3299 962 3379 Graecorum,
995 3321 1092 3386 quem
1119 3319 1208 3366 novo

125 3403 130 3410 '
165 3388 281 3453 ordine
302 3384 512 3451 concinnavit
533 3393 566 3449 et
587 3386 830 3450 commentariis
849 3383 882 3450 in
904 3407 998 3452 uerum
1019 3385 1208 3452 scholarum

107 3511 109 3519 ν
163 3473 311 3538 instruxit
327 3472 382 3535 Fr.
394 3471 530 3537 Jacobs.
547 3469 647 3535 Goth.
668 3482 700 3535 et
717 3467 848 3536 Erford.
860 3466 1131 3538 MDCCCXXVI
1149 3471 1207 3552 (V.

52 3559 56 3568 '
165 3561 230 3626 XX
252 3557 331 3623 bibl.
356 3557 414 3621 Gr.
438 3565 508 3623 dun
532 3555 590 3622 Fr.
612 3556 686 3621 Joc.
709 3568 742 3621 et
762 3556 841 3622 Vel.
863 3552 993 3638 Rost'b
1035 3557 1087 3623 De
1108 3559 1209 3624 lande

60 3784 67 3796 .
166 3733 330 3798 etiamad
360 3729 507 3808 cannino
528 3729 773 3814 Antipatrorum

165 3647 241 3712 huic
263 3645 346 3710 libro
369 3644 584 3728 impertienda
603 3655 673 3708 tres
693 3663 870 3722 censurae,
897 3662 1035 3730 quarente
1056 3663 1209 3732 quaeque

164 3821 289 3884 diunt:
319 3817 343 3893 l,
366 3816 421 3878 Fr.
447 3816 625 3881 nassovius
651 3816 683 3880 in
707 3731 1207 3904 Atrnalluapelliillmelffillhhll.chll.

167 3927 188 3970 a
209 3905 257 3968 Μ.
286 3901 420 3968 bem.
437 3900 529 3966 Jahn
554 3902 636 3967 1817
659 3903 728 3984 lp.
749 3901 897 3971 58-76:
920 3900 1034 3968 Ueber
1055 3905 1107 3970 die
1128 3923 1207 3966 neu·
1302 3955 1304 3963 .
1359 3927 1360 3936 ¹

167 4003 241 4057 sten
263 3987 527 4070 Bearb'citungen
551 3989 610 4052 dcr
631 3987 859 4072 griechischen
876 3989 1086 4075 Anthologie
1108 3989 1132 4052 1.
1145 3987 1207 4051 Ar·

167 4075 276 4142 tik'el..
304 4076 341 4151 11,
366 4073 405 4138 P.
428 4071 592 4150 Hofmbnn
613 4073 815 4159 ‘Peerlkamp
838 4073 958 4142 invcl.
971 4075 1017 4148 Ν
1037 4073 1117 4141 bibl.
1135 4072 1205 4137 crit.
