2726 4602
462 271 482 434 J
566 270 569 280 ’
626 323 695 404 se

85 537 91 550 '
143 557 256 622 opertu
279 535 313 600 in
334 535 452 622 quous
472 547 572 619 pocta
595 546 736 602 mentem
757 535 901 622 artificis,
928 536 983 622 qui
1003 557 1101 602 urium
1122 533 1173 602 at·

143 623 251 692 lectus
273 620 331 689 vel
356 623 503 702 actionis
532 643 597 708 quo
625 625 766 688 maxime
797 624 950 700 cernitur,
978 631 1173 688 momentum

142 709 308 795 effingere
337 708 538 788 elaboravit,
563 710 770 792 interpretari
796 713 914 786 studet,
943 713 1020 776 dnm
1046 705 1175 790 singula

143 795 276 862 artificii
296 793 494 862 lineamenta
515 797 561 862 ita
591 797 746 882 depingit,
768 807 804 863 ut
830 797 940 862 omnia
969 796 1001 859 in
1028 793 1084 860 illo
1105 815 1173 859 mo-

142 895 254 949 mento
278 895 484 954 concurrant.
538 883 623 947 Hinc
652 905 730 967 epp.
756 884 957 966 prodierunt,
985 903 1072 967 quae
1102 880 1174 946 lau·
1273 951 1276 956 ,

143 973 219 1036 dem
240 968 372 1036 artificii
393 966 426 1034 in
446 991 545 1038 unum
567 990 704 1039 acumen
724 981 907 1038 coarctant.
953 968 1057 1034 Simili
1077 970 1174 1033 modo

144 1077 197 1141 ep.
220 1056 378 1122 incedere
400 1067 525 1140 potest,
552 1057 645 1123 siah
674 1057 754 1122 artis
781 1055 935 1140 operibus
962 1057 1006 1122 ad
1026 1065 1175 1120 naturam
1203 1115 1220 1136 ,

143 1153 302 1219 transeat,
325 1163 404 1226 epp.
426 1145 501 1210 dico
521 1143 556 1208 in
576 1144 737 1228 regiones·
759 1163 933 1208 amoenas:
961 1141 1056 1206 simili
1077 1141 1175 1207 modo

144 1229 243 1296 etiam
265 1229 299 1292 in
326 1232 503 1307 amatoriis
529 1230 563 1294 in
584 1230 684 1295 laude
710 1229 853 1295 virorum
881 1229 1122 1307 excellentium,
1142 1226 1177 1291 in

147 1315 307 1400 elegiacis
327 1315 519 1402 plerumque
543 1319 586 1382 ad
608 1316 757 1383 dolorem
780 1320 821 1382 de
843 1315 977 1381 mortuis
988 1313 1176 1399 significan·

145 1401 349 1468 dum-factis.
363 1439 403 1450 -
424 1403 542 1468 Restat
563 1413 711 1489 quartum
729 1421 844 1486 genus,
865 1402 960 1466 tertio
985 1403 1083 1466 etiam
1099 1401 1176 1465 arti·

143 1487 300 1567 liciosius,
323 1511 388 1574 quo
409 1489 464 1555 vel
487 1492 572 1558 duae
594 1510 649 1554 res
669 1510 691 1554 a
713 1500 814 1573 poeta
837 1488 1083 1572 coniunguntur,
1104 1487 1176 1553 sive

143 1586 218 1642 snm
240 1595 305 1640 eae
324 1596 405 1641 vere
429 1578 579 1644 diversae
608 1597 651 1654 ao
671 1586 849 1659 separatae
871 1588 903 1638 et
935 1597 956 1640 a
976 1584 1078 1658 poeta
1104 1584 1176 1638 tan·

142 1673 209 1727 arm
230 1664 455 1742 consociatae,
477 1664 548 1728 sive
572 1673 710 1728 estune
730 1683 795 1740 res,
818 1663 850 1726 in
872 1683 938 1746 qua
959 1683 1079 1728 novum
1101 1660 1178 1766 quid
1271 1691 1276 1696 ·

142 1747 259 1833 ἰιιιφιιι
277 1748 411 1833 duplum
433 1761 587 1834 apparet,
616 1748 672 1814 vel
697 1769 802 1833 usqne
830 1751 875 1816 ad
901 1747 1000 1814 finem
1027 1747 1179 1812 carminis

143 1833 311 1902 illudimur
328 1847 363 1900 et
383 1857 487 1920 saepe
508 1835 622 1902 ultimo
638 1837 772 1904 ‘demum
791 1837 895 1900 verbo
915 1834 966 1900 rei
980 1845 1098 1900 namna
1120 1836 1177 1900 de-

78 1987 88 2002 ,
143 1921 275 2007 tegitru,
305 1922 361 1987 vel
394 1925 609 2008 cogitationes
635 1924 721 1986 duae
751 1941 789 1985 se
817 1921 911 2006 quasi
944 1931 1080 2004 tangrmt
1106 1919 1177 1986 siva

144 2009 208 2073 nito
241 2007 477 2096 inopinatoque
510 2020 715 2086 concurrunt,
749 2008 797 2072 ita
827 2018 862 2072 ut
895 2027 1044 2084 acumen,
1079 2005 1176 2082 Witz,
1297 2048 1303 2056 -

144 2095 269 2179 peitate,
286 2099 419 2164 medat.
433 2131 477 2178 -p
497 2095 555 2160 Sic
565 2094 835 2177 asimplicissima
846 2093 963 2173 forma,
982 2113 1080 2180 quam
1091 2095 1179 2177 apud

145 2181 387 2267 antiquissimos
420 2194 539 2268 poetas
573 2181 801 2267 poetriasque,
833 2179 981 2265 Sappho,
1014 2179 1179 2258 Erhtnam,

146 2265 262 2352 Myro,
288 2268 481 2347 Nossidem,
515 2269 663 2352 Anytcn,
689 2267 950 2345 Anacreontem,
976 2266 1180 2332 Simonidem

150 2351 296 2440 timeque
319 2356 605 2440 deprehendimus,
636 2357 680 2420 ad
702 2353 1002 2421 artificiosissimam
1028 2352 1181 2436 perveni-

140 2449 229 2518 mus,
251 2441 345 2508 cuius
367 2443 520 2526 exempla
540 2439 687 2524 inprimis
713 2451 834 2524 poetae
863 2439 940 2505 aevi
965 2439 1181 2506 Alexandrini

147 2526 252 2603 ethis
280 2528 380 2596 etiam
406 2527 580 2596 inferiores
610 2537 695 2603 sunt,
723 2537 758 2592 ut
778 2525 956 2605 Lucillius,
984 2523 1181 2602 Nicarchus,
1225 2571 1230 2582 .

147 2611 323 2693 Lucienus,
346 2637 444 2701 quam
465 2610 638 2689 Martialis,
661 2613 886 2680 Romanorum
905 2610 1004 2683 taeda
1024 2613 1181 2698 princeps

146 2699 180 2766 in
200 2700 267 2766 hoc
287 2722 423 2786 genere,
451 2701 559 2768 solam
588 2699 757 2782 adoptavit
783 2709 818 2764 et
845 2699 999 2778 excoluit,
1027 2719 1180 2786 musque

147 2787 246 2854 etiam
267 2792 357 2872 apud
384 2809 447 2854 nos
466 2788 541 2856 sola
569 2787 812 2870 epigrammatis
838 2785 968 2854 nomiae
994 2786 1177 2870 insignitur.
1249 2801 1253 2814 ’

147 2873 231 2946 lam,
251 2876 455 2960 epigramma
496 2874 661 2942 Graecum
694 2872 881 2940 accuratius
900 2873 1048 2942 ,delinire
1085 2872 1180 2938 licet:
1304 2893 1308 2900 ·

148 2960 353 3046 epigramma
378 2981 449 3028 rem
475 2970 702 3046 praesentem,
737 2971 772 3024 ut
799 2971 923 3024 certum
956 2960 1032 3045 qnid
1062 2962 1183 3024 doceat

146 3047 202 3114 vel
222 3059 502 3116 sensum‘certum
523 3057 667 3124 moveat,
689 3046 744 3111 vel
761 3047 895 3130 exponit
910 3045 966 3111 vel
987 3045 1179 3129 interpreta-

146 3145 198 3200 tur
218 3131 275 3202 vel
297 3135 331 3200 in
350 3157 450 3202 unum
471 3145 626 3219 punctum
643 3132 806 3200 contrahit
825 3132 882 3198 vel
904 3132 1074 3198 convertit.
1107 3131 1181 3196 Nec

145 3242 212 3288 non
230 3221 372 3288 ninutas
390 3222 602 3307 praecipuae,
624 3239 709 3306 quaa
731 3219 959 3303 epigrammati
968 3217 1182 3285 necessariae
1263 3242 1266 3256 ·

146 3319 231 3385 sunt,
262 3308 337 3374 inde
367 3309 511 3376 derivari
537 3317 689 3392 possunt:
719 3307 796 3374 sunt
822 3307 908 3372 enirn
936 3305 1068 3383 unitas,
1081 3325 1180 3392 prae-

146 3396 264 3473 sentia,
287 3395 310 3460 i.
334 3417 365 3460 e.
387 3417 442 3462 res
464 3397 510 3462 ita
532 3393 745 3471 describam,
764 3404 799 3460 ut
821 3391 925 3460 oculis
935 3394 1100 3476 inspicere
1121 3413 1181 3458 no·
1221 3410 1224 3418 ¹

148 3482 199 3548 his
220 3482 411 3561 videamur,
424 3503 574 3559 acumen,
597 3482 619 3549 i.
633 3501 664 3544 e.
687 3491 853 3565 punctum,
874 3500 939 3563 quo
955 3479 1106 3564 singulae
1126 3499 1183 3544 res

148 3581 357 3659 mouerunt.
402 3570 495 3644 Quas
515 3570 651 3635 virtutos
673 3568 702 3632 si
720 3577 868 3632 tenemus
881 3576 913 3629 et
934 3568 1056 3654 ubique
1073 3566 1181 3652 requi·

149 3654 259 3734 rimus,
280 3677 347 3722 non
371 3655 509 3722 difficile
526 3656 587 3722 erit
596 3655 751 3731 iudicatu,
773 3665 880 3720 utrmn
902 3673 1036 3722 carmen
1049 3653 1184 3738 aliquod

150 3741 355 3827 epigramma
376 3743 417 3808 sit
438 3763 482 3810 an
504 3743 625 3827 elegia,
648 3739 774 3818 fabula,
798 3740 912 3808 satira.

235 3831 304 3896 lam
328 3831 370 3896 ad
398 3830 600 3913 Antipatrum
631 3828 801 3894 Sidonium
832 3828 1013 3894 orationem
1040 3823 1203 3891 retincti-*¹

108 3953 113 3962 ·
142 3937 220 3982 nnus
252 3917 388 4004 eiusque
429 3918 573 3984 canniua
610 3914 746 4000 shignlis
785 3915 961 3998 getrerihns
994 3911 1183 4010 adscribere

148 4004 351 4104 oonahimm.
397 4004 509 4070 Genus
531 4004 556 4068 1.
585 3999 749 4079 Carmina,
771 4023 856 4088 quae
880 4002 1028 4086 dicamur
1046 3997 1181 4080 credn-

148 4111 285 4170 mma,
311 4089 400 4159 haud
421 4110 530 4178 panea
550 4090 724 4182 mipene
744 4089 882 4168 uitiatur¹
894 4087 1064 4172 Antipater
1085 4083 1183 4153 Sido·
