2742 4600
631 333 696 404 m
804 278 809 288 ,

564 423 760 436 *Qun—u·-

142 538 302 630 renquae
324 543 400 626 vu,
432 545 614 612 1m.-uo3
641 556 676 610 e
703 481 904 614 ror-nul
982 547 1095 624 ,eona
1118 567 1223 612 nm·
1360 525 1367 556 l

142 630 218 715 ipse
243 631 387 716 anplius
414 631 580 782 llelewl
607 631 755 711 Corone,
785 637 850 737 sed
876 655 918 698 ex
966 654 1008 699 eo
1035 633 1186 736 derivata

142 737 222 783 ustas
244 739 318 783 esse
348 718 420 804 Cep
445 719 518 786 elas
543 721 681 792 ndebrr.
720 719 774 784 lio
798 722 945 810 quidem,
977 721 1065 806 quod
1092 719 1187 784 mulo

141 817 280 888 poetae,
294 805 364 891 iqui
385 825 406 871 a
427 805 609 891 Meleagro*
628 827 694 870 non
715 818 945 886 recensentur,
974 805 1007 872 in
1028 805 1112 872 locis
1133 806 1186 871 his

141 891 358 973 reperiuntur,
376 893 582 959 ratiocinatio
603 901 674 958 tcta
693 914 760 958 non
781 896 944 959 turbatim:
974 891 1079 958 noluit
1093 893 1187 964 enim

141 975 318 1062 Meleager
339 999 454 1044 omnes
474 980 657 1057 nominare,
678 989 714 1043 ut
730 981 803 1064 ipse
821 990 969 1057 testetur,
991 989 1092 1064 atque
1112 989 1187 1044 sunt

140 1059 165 1127 ii
185 1075 243 1129 aut
264 1065 439 1143 eiusmodi,
470 1087 608 1152 quomm
629 1077 724 1131 netes
748 1066 880 1132 aliunde
908 1066 996 1131 setis
1010 1075 1091 1129 nota
1112 1063 1185 1128 Me·
1263 1134 1268 1148 ,

140 1148 281 1234 leagrea
301 1162 352 1216 est
370 1153 534 1238 antiquior
547 1152 604 1217 vel
622 1155 751 1232 eadem,
774 1163 831 1218 eut
848 1151 1017 1229 eiusmodi,
1039 1150 1095 1237 qui
1107 1171 1185 1234 pra-
1250 1149 1253 1158 '

70 1289 78 1300 .
140 1237 307 1302 babilibus
340 1239 535 1304 coniecttm's
573 1239 690 1315 iisdem
728 1240 930 1323 temporibus
968 1237 1187 1336 assignantur,

140 1332 199 1388 ent
222 1323 380 1389 eiusmodi
387 1362 404 1404 ‚-
419 1326 475 1411 qui
497 1335 606 1390 aetate
627 1326 728 1410 plane
748 1327 890 1404 nicerte,
921 1345 1004 1411 quos
1025 1341 1187 1408 acorem

121 1402 217 1494 -ἕρνη
239 1409 416 1495 Meleager
435 1412 469 1476 in
490 1412 660 1496 prooemio
676 1413 905 1496 praetermisit,
928 1431 1005 1476 esse
1023 1409 1188 1474 videntur.

140 1497 317 1579 Perpauce
337 1517 419 1561 sane
441 1499 512 1562 eius
534 1497 687 1562 Coronae
708 1497 832 1562 inserta
852 1496 1075 1572 inveniuntur,
1098 1513 1187 1579 queo

140 1581 173 1644 ei
193 1582 294 1646 inseri
312 1602 522 1668 nequaquem
542 1593 705 1666 poterant,
726 1594 762 1650 ut
783 1583 845 1646 tria
867 1603 946 1666 epp.
966 1580 1045 1646 Ant.
1066 1578 1187 1644 Thess.

145 1666 213 1744 Vll,
236 1668 313 1736 409.
335 1667 413 1734 413.
433 1668 510 1743 493.
555 1668 695 1734 Tantum
711 1689 797 1736 ¹vero
820 1670 926 1746 obest,
948 1677 984 1732 ut
1004 1666 1210 1732 sententiae

140 1773 269 1820 summe
294 1753 347 1819 his
373 1755 621 1838 exceptionibus
652 1754 873 1834 convellatur,
907 1765 942 1819 ut
970 1753 1116 1838 suspicio
1145 1755 1190 1819 de·
1295 1817 1309 1834 ,
1367 1793 1370 1872 '1

106 1905 111 1914 ,
141 1841 326 1905 recentiore
348 1841 479 1926 sylloge
502 1863 523 1907 a
546 1840 698 1927 Cephela
718 1829 878 1926 bsurpeta
904 1839 1187 1915 confirmationem

140 1924 218 1991 hinc
245 1927 399 2012 occipiat.
444 1927 646 2012 Fragmenta
671 1927 895 2012 Anthologiec
916 1925 1111 2010 Philippeos
1137 1926 1186 1990 in·

142 2013 290 2078 dubitate
309 2014 468 2078 tredecim
490 2013 625 2097 ognovit
641 2015 836 2081 Pessouiusa
858 2015 902 2093 V,
921 2011 1104 2082 lot-133.
1130 2011 1188 2089 Vl,

140 2098 305 2164 87-108·
334 2099 517 2164 227-261.
551 2099 619 2176 Vll,
639 2100 827 2168 364-405.
849 2099 1033 2166 622-645.
1060 2097 1122 2176 lx,
1144 2099 1185 2163 Sl

29 2233 59 2270 ,Α
142 2183 444 2250 -89.215-312.
472 2183 656 2252 tce-423.
676 2187 863 2253 etl-ooo.
894 2187 936 2264 X,
961 2184 1100 2251 18-25.
1125 2183 1189 2248 loo

141 2269 261 2335 -103.
284 2269 342 2350 Xl,
354 2270 494 2337 23-46.
506 2273 551 2337 49
562 2273 661 2338 etto.
676 2273 861 2354 :tls-327,
880 2271 1098 2356 exceptouno
1109 2267 1187 2335 323.

54 2397 57 2406 ·
138 2356 240 2431 Quod
266 2357 314 2423 ita
337 2359 508 2442 probavit,
539 2369 575 2424 ut
602 2371 722 2445 poetas
746 2361 952 2446 pertimeas
979 2377 1071 2436 esse,
1104 2376 1188 2442 quos
1318 2349 1327 2368 '

140 2442 312 2530 Philippus
332 2445 366 2509 in
389 2446 558 2528 prooemio
580 2459 762 2531 nuncupet,
792 2450 1047 2523 demonstraret,
1069 2445 1189 2532 partim

140 2548 218 2609 eos,
246 2551 330 2617 quos
356 2531 445 2596 idern
470 2532 602 2596 nomine
628 2532 694 2596 τῶν
722 2549 765 2596 πε
784 2531 885 2624 porois
914 2531 1108 2616 complexus
1134 2530 1187 2608 sit,

138 2635 240 2700 quum
261 2616 352 2680 vitae
372 2617 575 2697 temporibus
601 2618 687 2682 incer
710 2553 919 2702 Meleagrum
944 2613 980 2682 'et
1002 2615 1188 2718 Philippum

139 2699 266 2766 mediis.
279 2701 545 2765 autneoessaric
568 2702 632 2766 sint
652 2705 884 2788 assignandae,
907 2713 973 2780 eut,
995 2703 1053 2767 ubi
1064 2705 1188 2768 diserta

138 2786 260 2850 vaetatis
270 2785 391 2851 indicio
403 2786 638 2864 desiderentur,
656 2800 746 2852 certe
757 2809 824 2853 non
833 2798 1028 2872 repugnent.
1057 2787 1188 2864 „Unum

136 2873 251 2936 obstet
271 2871 349 2936 Ant.
373 2870 443 2938 Sid.
465 2889 602 2952 nomen,
623 2874 727 2939 tribus
749 2895 825 2958 epp.
848 2873 1031 2958 praelixam
1053 2871 1111 2949 Vl,
1131 2873 1186 2942 93.

57 2977 66 2986 ·
140 2955 212 3037 Vll,
232 2958 310 3024 625.
330 2955 391 3036 lX,
413 2956 489 3024 231.
533 2958 579 3024 At
600 2979 699 3044 quum
719 2961 847 3046 relique
869 2959 978 3024 onmia
993 2959 1027 3023 in
1040 2969 1186 3024 nosram

140 3045 337 3112 sententiam
369 3044 475 3110 amice
508 3047 711 3130 conspirent,
749 3045 812 3113 trie
843 3046 931 3112 baec
964 3046 1111 3110 carmina
1144 3048 1187 3111 ad
1273 3063 1278 3074 ·

141 3131 260 3198 Thess.
280 3131 358 3197 Ant.
381 3130 508 3196 referre
532 3153 573 3196 ec
595 3133 701 3198 minus
724 3133 936 3201 dubitandum
956 3131 1098 3211 videtur,
1120 3153 1187 3218 quo

141 3220 284 3294 arctiore
310 3218 442 3284 vinculo
472 3239 534 3302 per
567 3219 715 3286 ordinem
742 3221 929 3287 'litterarum
958 3220 1081 3284 ceteris
1110 3239 1185 3302 epp.

142 3307 417 3383 adstrictum,
448 3305 565 3390 quibus
592 3307 625 3372 in
648 3306 727 3373 Gor.
750 3308 833 3373 Phil.
856 3307 966 3384 locum
996 3309 1107 3371 derum
1135 3303 1187 3369 lu-

142 3393 210 3457 isse
233 3404 290 3458 aut
312 3393 413 3457 certis
436 3394 634 3476 argumentis
655 3395 795 3473 scimus,
818 3405 875 3460 eut
894 3392 1060 3476 probabili
1081 3390 1187 3458 facili-

136 3499 208 3564 que
231 3477 422 3544 coniectum
445 3479 532 3545 ducti
552 3481 793 3564 suspicemur.“
837 3480 945 3544 Etiam
962 3479 1085 3544 ordinis
1102 3477 1187 3542 litte-

142 3585 254 3630 rmnm
274 3584 340 3628 nou
368 3563 528 3650 fugientia
556 3567 697 3650 vestigia
718 3568 769 3632 his
797 3565 881 3631 locis
904 3565 959 3629 hic
979 3565 1048 3629 illic
1070 3565 1190 3629 leviter

143 3661 219 3718 sunt
236 3651 407 3735 impresse,
429 3656 489 3717 sed
512 3653 560 3718 ita
580 3666 730 3738 regnent,
751 3665 788 3721 ut
807 3653 929 3738 duplex
946 3653 1100 3718 indicium
1116 3653 1187 3724 ubi-

143 3758 207 3824 que
229 3738 440 3804 *coniunctum
466 3740 659 3823 reperietur.
702 3739 815 3807 Locus
841 3738 927 3806 enim
959 3740 1021 3816 Xl,
1048 3737 1188 3802 23-46

143 3824 272 3890 videtur
290 3834 415 3890 tautum
433 3844 630 3909 repugnare,
653 3826 730 3912 quia
752 3847 818 3892 non
838 3829 985 3892 turbatus
1005 3826 1051 3890 ibi
1067 3836 1118 3890 est
1134 3823 1185 3888 lit·

144 3919 288 3975 terarmn
314 3913 412 3988 ordo,
445 3915 506 3976 sed
534 3913 694 3978 inversus.
740 3912 815 3980 Duo
840 3923 1017 3998 praeterea
1045 3911 1128 3988 loci,
1155 3909 1187 3972 in

145 3995 263 4081 quibus
284 3996 394 4062 littera
416 3999 445 4059 Σ
464 3997 549 4062 inter
567 4003 594 4064 Ε
617 4010 649 4064 et
670 4003 710 4063 H
728 4000 852 4068 inserte
874 4009 924 4064 est
947 3996 1018 4082 (Vl,
1033 3995 1109 4061 999.
1132 3995 1188 4072 lX,

143 4081 224 4168 410)
258 4082 303 4150 ita
325 4081 486 4151 'lecillime
517 4103 592 4151 cum
620 4087 782 4154 sententie
811 4097 923 4153 nostre
946 4082 1188 4160 consociantur,
