2726 4602
107 496 314 592 ,omnmo
334 499 444 568 none
465 503 571 588 magra
590 503 762 590 magisque
790 511 916 570 musta
942 515 977 568 o
1005 502 1039 568 n
1061 487 1150 568 tom-
1204 480 1208 490 '
1308 569 1312 578 ,

107 587 202 656 muni
223 585 490 672 quodamionne
510 588 632 669 solute,
651 591 685 678 id
706 593 795 676 quod
807 589 931 655 iactum
947 587 1050 655 fuisse
1071 595 1151 654 eort-

108 684 189 753 stut,
210 671 366 739 libertate
388 673 528 758 primunr
548 677 609 741 sub
631 675 881 758 Macedonibus,
902 676 1020 742 deinde
1036 675 1150 740 inRo·

107 779 286 826 ruuuorum
314 759 536 842 dominatione
563 761 735 840 exstinctu,
764 762 979 830 disiecturum
1006 781 1149 848 quoque,

108 844 231 934 quibus
251 844 301 910 illi
322 847 505 926 utebantur,
528 848 701 914 discrimen
722 848 932 927 imminutum,
959 857 992 912 et
1011 844 1150 926 termini,

108 932 231 1020 quibus
252 931 333 998 olim
355 931 480 1000 divisae
501 931 642 1013 fuerent,
664 935 801 1018 propius
828 935 891 1001 sibi
921 933 1062 1000 invicem
1089 935 1149 1019 sd,-

109 1018 192 1084 moti
212 1029 300 1084 sunt.
344 1017 387 1082 Et
408 1039 508 1106 quum
529 1019 664 1086 dialecti
675 1041 741 1086 non
759 1021 826 1086 ium
847 1021 881 1085 in
902 1041 961 1087 ore
982 1018 1150 1086 hominum

109 1104 274 1188 vigerent,
296 1106 358 1171 sed
379 1104 412 1169 in
433 1105 570 1188 putridis
591 1105 717 1172 chortis
748 1104 990 1185 delitescerent,
1009 1125 1071 1170 usu
1091 1125 1149 1170 ve·

109 1191 189 1342 lirl'
206 1189 329 1341 cottrpite,
350 1202 403 1342 lllr
404 1190 503 1257 iidem
513 1191 665 1343 hllnilnes
688 1192 1056 1357 diversisdiffigribetndfo
1080 1190 1150 1342 ‹tillio-

17 1341 19 1346 .
124 1297 351 1342 eorsuern
403 1314 526 1341 .--·
615 1298 852 1344 csnrscrer
940 1299 978 1344 es
1040 1298 1082 1344 ee
1118 1299 1150 1342 m

110 1361 228 1440 fuisse,
250 1367 286 1430 ut
307 1373 430 1464 poetae
451 1365 700 1442 adsuescerent,
723 1363 865 1432 dialecto
882 1364 1011 1430 ionicae
1027 1363 1150 1431 doricis

111 1449 239 1535 passim
267 1445 382 1512 formis
412 1451 561 1516 modeste
593 1449 747 1516 inmixtis
775 1451 935 1518 maiorem
969 1446 1150 1515 conciliare

113 1557 240 1614 sonum,
264 1533 411 1600 doricam
432 1546 543 1601 eutem
563 1535 681 1602 ionicis
700 1534 817 1602 fonnis
843 1535 943 1603 illotis
965 1533 1149 1601 emollire.“

112 1621 167 1688 Ad
187 1621 289 1700 hoec,
310 1620 500 1722 priusquam
521 1624 566 1688 ud
586 1621 795 1724 fintipotnnn
817 1622 986 1727 Sidonium
1001 1633 1150 1724 trnoseo·

111 1709 1150 1879 tr,ttotrmortttrntttrmtett²oti

114 1877 231 1944 ficilins
252 1877 358 1958 reddi,
380 1881 468 1964 quod
486 1878 691 1962 librariorum
712 1879 880 1951 ttuetuntio
910 1891 944 1950 et
961 1879 1150 1948 inconstan-

113 1967 158 2032 tia
175 1964 275 2032 nullis
297 1965 331 2030 in
351 1967 450 2032 rebus
477 1965 584 2032 maior
604 1963 703 2030 fuerit
730 1987 829 2052 quem
857 1965 891 2035 in
914 1965 984 2033 his:
1007 1963 1172 2047 Dorismis
1217 1959 1222 1970 ’
1295 2009 1299 2019 ι

114 2052 378 2222 {lietoldi
427 2049 1153 2212 trititiittitdttlttt
1238 2080 1241 2088 ’

117 2223 295 2294 emollitum
318 2221 494 2302 Theocriti,
516 2222 606 2290 eliud
628 2224 769 2290 Pindari.
803 2222 981 2290 Gillerm.
1005 2227 1048 2289 de
1070 2223 1150 2294 diat

115 2312 207 2378 Pind.
237 2311 329 2377 obss.
357 2331 392 2394 p.
421 2308 484 2374 lV:
512 2310 795 2388 „Fundamentum
821 2309 918 2376 huius
944 2306 1078 2377 dialecti
1099 2318 1151 2374 est

114 2397 229 2482 lingue
257 2396 365 2482 epioe,
391 2399 454 2461 sed
483 2397 502 2459 e
530 2393 657 2462 Dorico
686 2395 829 2468 dialecto
855 2405 982 2460 tanturn
1012 2393 1152 2462 adscivit

112 2485 286 2561 Pindarus,
314 2492 469 2568 quantum
497 2485 602 2563 etad
628 2481 779 2548 dictionis
811 2479 1023 2566 splendorem
1048 2490 1082 2544 et
1105 2483 1150 2548 ud

113 2589 323 2648 numerorum
344 2568 607 2634 commoditatem
623 2568 777 2634 idoneum
786 2567 962 2646 videretur,
971 2566 1152 2650 repudians

113 2655 186 2734 illa,
209 2674 299 2741 quoe
321 2664 378 2719 aut
398 2653 562 2738 interioris
591 2664 712 2733 essent,
735 2664 792 2720 aut
821 2650 979 2737 vrdgoris,
1000 2663 1057 2718 out
1077 2671 1149 2718 cer·

72 2759 90 2776 ·
113 2743 157 2810 tis
175 2741 211 2806 in
232 2739 317 2806 locis
338 2740 448 2807 usitati
469 2737 648 2806 Dorismi.“
691 2740 761 2806 lem
780 2760 842 2806 nos
861 2737 1087 2825 quaestionem
1108 2741 1152 2804 de

114 2827 279 2906 dialectis,
306 2824 424 2912 quibus
452 2845 531 2892 usus
558 2826 600 2893 sit
628 2825 708 2892 Anti
731 2837 805 2892 oter
829 2823 994 2902 Sidonius,
1021 2823 1078 2892 ite¹
1091 2825 1150 2894 eb·

113 2907 296 2992 soliemus,
316 2923 353 2977 nt
373 2913 476 2998 prius,
499 2932 583 2998 quas
629 2912 637 2928 ⁹
840 2910 1056 2978 disiectururn
1082 2908 1151 2976 ior·

114 3021 189 3067 mas
210 2997 420 3082 adoptaverit
439 3009 550 3084 poete,
573 2997 767 3075 indicemus,
789 3007 857 3064 tum
882 2994 1013 3078 singule
1032 2996 1150 3062 curmi-

114 3108 162 3154 ne
182 3083 401 3154 dialcetorum
421 3084 553 3160 ratione,
569 3081 685 3150 habim
706 3082 951 3166 distinguemus.
1074 3115 1077 3122 ·

199 3173 227 3239 l.
251 3169 323 3236 Eue
344 3170 519 3236 verborum
542 3165 688 3247 formae,
716 3189 802 3254 quae
823 3189 891 3234 non
919 3178 988 3234 tem
1005 3164 1151 3232 dialecto

115 3257 258 3336 cuidem,
281 3273 379 3342 quam
400 3255 546 3320 sermoni
571 3255 704 3340 poetico
731 3254 887 3340 propriae
913 3265 1005 3320 sumt:
1034 3252 1153 3354 quibus

115 3346 216 3410 etiem
233 3362 294 3410 eos
306 3341 537 3419 adscribimus,
568 3361 665 3428 qnae,
693 3341 886 3494 utssrimiurs
906 3339 1001 3406 unius
1020 3337 1153 3406 dialecti

116 3429 221 3496 fuisse
242 3429 426 3506 videantur,
450 3428 494 3494 ob
516 3425 661 3495 Homero
683 3436 716 3491 et
770 3427 868 3494 oricis
886 3425 993 3510 poetis
1014 3445 1152 3512 ιιιιιηιιι-

115 3529 171 3582 lae
192 3526 280 3582 simi·
663 3543 666 3550 ·
1044 3541 1049 3551 ·

204 3604 236 3681 l,
258 3599 374 3666 Verbo
394 3597 600 3666 solummodo
628 3599 773 3683 poetice,
803 3608 838 3663 ut
884 3598 960 3661 αἶαν
981 3594 1053 3676 Vll,
1076 3597 1153 3662 745.

160 3689 192 3766 7,
213 3679 270 3772 γαί
330 3685 402 3764 Vll,
424 3684 501 3752 748.
524 3673 792 3772 &oeconomicus
808 3619 1001 3764 xillum,
1022 3680 1154 3762 xeltdo-

159 3768 257 3838 ridor
314 3771 338 3852 l,
368 3770 442 3836 160.
478 3769 508 3849 1,
542 3770 665 3858 θοῦρος
692 3771 762 3849 Vll,
795 3767 872 3834 ott.
905 3772 938 3848 4,
965 3763 1154 3852 reciderint]

161 3859 220 3960 m,
241 3859 317 3925 nor.
340 3857 373 3935 e
401 3843 505 3923 κανωί
530 3856 602 3934 vn,
632 3858 709 3924 745.
732 3858 765 3935 o,
787 3843 931 3921 autom
949 3855 1007 3931 rx,
1029 3833 1153 3931 trud
1190 3879 1211 3896 .-

159 3940 287 4011 iocoue
308 3943 379 4022 Vll,
401 3945 477 4012 498.
489 3943 523 4021 5,
544 3930 650 4030 πάρος
662 3942 717 4022 Vl,
741 3941 816 4010 159.
841 3944 870 4024 1,
894 3937 943 4007 ἐνὶ
966 3938 1054 4015 xvi,
1079 3937 1153 4004 167.

159 4030 193 4110 3,
214 4026 295 4100 ποτέ
317 4029 388 4112 Vll,
409 4031 486 4100 tet.
510 4031 542 4108 7,
564 4031 639 4118 42⁷,
659 4031 692 4108 9,
707 4027 787 4096 498.
817 4029 849 4108 i,
873 4027 975 4106 XVII,
1001 4024 1034 4090 ὃ.
1066 4025 1096 4090 l.
1122 4023 1153 4102 3,

889 4211 893 4216 Ι
1003 4127 1025 4196 i
