2742 4600
667 351 727 422 11
798 369 805 384 ‘

593 445 798 456 *affl

179 577 214 631 ut
235 561 382 650 Philippi
409 537 678 652 orthographiam
705 552 851 652 Ζμήνεος
879 576 914 631 et
936 561 1086 650 Ζμίνθος
1108 563 1222 631 eirea

178 649 405 731 Constantino,
428 652 501 717 sive
523 654 566 718 ab
590 653 660 717 eius
675 651 809 718 librario
830 664 955 718 temere
971 663 1128 718 mutatam
1146 672 1222 716 esse

177 741 365 804 credamus.
409 739 445 803 in
467 738 532 804 fine
555 738 792 805 dissertationis
820 739 1011 818 Passovins,
1039 739 1117 826 quiri
1136 737 1221 805 utili·
1306 749 1317 774 ¹

177 825 253 890 tatis
273 825 350 890 iudo
373 826 533 909 capiatur,
555 825 706 903 ostendit,
729 826 919 890 etcarmina
936 846 1112 910 anonyma,
1134 845 1221 911 qnae

177 912 249 976 sive
262 910 461 977 Gadarenae
482 911 558 978 sive
575 908 865 977 Thessalonicensi
880 911 1033 978 Coronae
1054 911 1223 978 vindicata

177 1014 244 1062 nou
265 997 352 1064 omni
374 998 493 1064 aetatis
512 1009 593 1064 nota
614 997 755 1082 amplius
776 1009 900 1078 curent,
921 999 1071 1078 modam,
1095 1009 1129 1062 et
1147 1019 1220 1062 car·

177 1084 297 1150 mutum
317 1072 531 1171 ²Arrrrroc'rpoo
560 1096 593 1150 et
613 1080 782 1151 Λεωνίδου
810 1085 1052 1171 inscriptorum,
1080 1085 1222 1172 quaein

177 1179 315 1256 nanque
336 1169 470 1236 Corona
487 1171 707 1255 reperiuntur,
735 1181 889 1236 auctores
911 1171 1029 1256 partim
1051 1170 1223 1236 Sidonium

178 1267 212 1320 et
233 1255 454 1336 Tarentinum,
476 1258 596 1342 partim
616 1255 951 1324 Thessalonicensem
974 1269 1007 1323 et
1024 1255 1221 1324 Alexandri-

178 1360 254 1410 nnm
274 1343 484 1428 praedicans.
547 1351 550 1358 '
1120 1363 1129 1374 ⁸
1255 1355 1258 1368 ·

264 1429 391 1503 Quibus
425 1425 615 1513 praemissis
645 1427 728 1492 nihil
762 1431 890 1506 obstat,
926 1431 1102 1515 quominus
1126 1429 1222 1495 iocos

179 1535 377 1593 enumerem,
398 1517 455 1582 ubi
472 1513 620 1581 camma
637 1513 885 1599 Antipatromm
905 1515 1036 1600 singula
1053 1526 1086 1581 et
1107 1517 1139 1580 in
1152 1515 1223 1580 An·

177 1601 326 1684 thologia
355 1601 489 1668 Graeca
517 1622 559 1666 ex
585 1602 781 1666 recensione
809 1600 965 1666 Brunclrii
991 1603 1082 1669 edita
1115 1602 1223 1684 (hauc

178 1687 290 1772 piacet
310 1688 479 1754 brevitatis
502 1705 622 1770 caussa
644 1686 710 1752 hoc
732 1690 927 1771 compendio
949 1689 1154 1773 siguificare:
1177 1688 1222 1754 A.

178 1775 218 1839 L.
240 1773 263 1838 i.
287 1793 318 1840 o.
341 1773 544 1858 Anthologia
564 1772 761 1856 Lipsiensis)
782 1786 816 1838 et
836 1775 868 1840 in
890 1774 1093 1860 anthologia
1116 1777 1222 1841 Grae·

178 1879 220 1927 ca
242 1863 287 1926 ad
307 1860 406 1926 fidem
428 1859 553 1928 codicis
575 1858 717 1924 Palatini
738 1861 828 1925 edita
850 1860 904 1940 [A.
927 1863 976 1944 P.]
999 1872 1221 1928 asserventur.

176 1949 295 2033 Neque
315 1949 412 2012 abre
427 1949 532 2014 visum
555 1955 616 2024 est,
638 1957 798 2032 quotquot
818 1947 851 2012 in
865 1945 1039 2014 Delectnm
1051 1945 1221 2032 Epigram-
1264 2021 1267 2034 Ι

174 2045 299 2102 rnatum
319 2031 377 2118 [D.
396 2032 451 2119 E.]
473 2042 610 2116 recepta
628 2043 713 2110 sunt,
736 2031 832 2098 sunni
846 2033 1005 2113 indicare,
1027 2033 1223 2120 praesertim

177 2141 277 2207 quum
296 2120 341 2186 ibi
363 2119 468 2186 editor
489 2119 532 2186 ol.
551 2118 693 2202 saepius
712 2119 907 2185 sententiam
923 2142 1018 2188 suam
1034 2119 1223 2188 mutaverit.

479 2279 637 2345 mclix
654 2287 926 2350 OABMHUM.

400 2387 714 2457 ANTIPATER'
739 2389 999 2459 SIDONIUS.

265 2550 289 2613 1.
334 2547 500 2623 Carmina,
523 2563 610 2630 qnae
631 2545 664 2608 in
685 2547 763 2610 ond.
786 2545 858 2611 Pal.
879 2546 977 2613 husa
998 2567 1119 2612 nomen
1140 2567 1224 2631 praa
1306 2625 1312 2638 „

177 2659 216 2700 se
239 2634 346 2700 ferunt
367 2631 571 2716 Anthologia
592 2632 763 2698 Planodca
791 2633 862 2698 sive
897 2634 1123 2700 consentiente
1152 2631 1224 2702 sive

177 2741 243 2788 uon
264 2730 480 2804 repugnante.
1120 2759 1131 2780 .

220 2811 264 2873 A.
287 2808 325 2872 P.
647 2803 691 2868 A.
714 2802 755 2867 L.
1074 2805 1117 2872 D.
1142 2807 1179 2873 E.

227 2894 285 2972 vr,
309 2893 350 2957 ιιι
395 2937 403 2956 .
450 2935 469 2966 .,
506 2936 516 2955 .
582 2889 660 2956 aa.
680 2890 751 2956 su.
772 2891 831 3040 “ff
