2726 4602
167 562 265 624 'nmrt
310 553 492 646 Mutatione
514 567 624 621 autem
646 554 718 622 sera
739 555 832 622 nulla
866 551 956 619 laeto
979 554 1002 620 l.
1026 553 1059 619 1.’
1074 555 1211 618 Passor·.

173 642 353 727 legendum
372 659 449 706 ease
467 641 669 726 suspicatur:
1017 677 1020 682 ·

267 727 357 790 κεῖνα
377 723 436 808 μὲν
458 715 642 814 ἠμαιῖρωθ’·
667 717 684 742 ‘'
704 724 741 792 δὲ
761 715 869 812 spilda
890 749 918 793 rt·
935 715 973 792 i).
996 749 1025 792 tt.
1045 747 1074 792 τ.
1096 725 1123 792 i..
1244 735 1247 745 '

175 815 412 898 Praeterquam
431 815 519 900 quod
542 813 705 880 dialectos
715 812 841 879 Dorica
859 813 967 898 magis
978 811 1114 887 Sidonio
1137 831 1215 876 oon·
1245 861 1249 871 ,

176 899 275 976 verrit,
294 909 397 962 toturn
418 917 471 980 ep.
496 900 566 966 eius
587 899 752 985 ingenium
773 899 887 983 spirat.
1248 949 1252 962 .

262 982 327 1063 lX,
354 984 428 1052 151.
451 985 628 1069 Antipatri.
645 986 824 1053 Nereides
846 983 992 1051 Corinthi
1013 1003 1035 1050 a
1055 981 1217 1048 Romanis

176 1089 315 1136 eversae
336 1066 500 1136 sortrrrram
517 1071 641 1156 lugent.
688 1072 772 1138 Gerr.
793 1071 842 1136 lll.
870 1070 1035 1154 Agatbiae
1059 1068 1122 1145 rx,
1154 1067 1217 1136 153
1260 1143 1263 1152 ,

174 1156 243 1256 boe
273 1163 338 1239 ep.
355 1159 606 1224 obversabatur.
661 1157 833 1224 Dialeotus
859 1159 967 1242 epioe.
995 1157 1084 1221 Nota
1105 1151 1218 1216 noiv-

176 1257 331 1326 suppope.
375 1241 444 1307 Cur
468 1243 604 1311 Sidonio
626 1245 780 1312 tributum
801 1243 930 1309 sithoc
951 1265 1022 1328 ep„
1051 1239 1218 1324 intelligas

178 1349 222 1392 ex
241 1339 352 1392 annot.
376 1330 420 1393 ad
442 1329 513 1407 Vll,
535 1329 611 1399 493.
995 1387 999 1396 ,

265 1411 328 1490 lX,
358 1413 434 1482 798.
468 1414 644 1500 Antipatri.
689 1419 725 1480 ln
748 1408 905 1499 'Myionis
924 1420 1077 1479 rabaam.
1110 1409 1228 1476 Lusus

177 1497 328 1583 frigidus.
374 1497 459 1564 Gen.
480 1500 534 1565 lll.
565 1501 739 1568 Dialeetns
761 1502 870 1585 apina,
893 1499 1018 1566 Dorica
1037 1510 1147 1563 tamen
1169 1497 1217 1562 in·
1295 1529 1303 1542 ι

179 1595 230 1650 est
251 1582 381 1650 articuli
406 1583 513 1652 forma
535 1576 582 1674 ri„
615 1587 701 1672 Epp.
724 1585 908 1650 ruo—724
938 1586 1015 1650 Ant.
1040 1583 1109 1650 Sid.
1131 1593 1220 1648 suut.

178 1673 211 1736 in
233 1673 376 1736 eandem
396 1691 535 1737 vaooam
558 1671 667 1750 iacta,
691 1673 755 1737 719
777 1673 873 1738 Plan.
896 1664 966 1738 sm.
987 1671 1116 1736 tribuit:
1137 1689 1218 1736 vero

179 1759 288 1844 itaque
307 1753 502 1822 simillimum
525 1769 585 1836 est,
608 1759 674 1824 hoo
696 1759 795 1822 etiarn
818 1759 849 1822 ei
870 1761 1013 1824 dandum
1034 1777 1122 1822 esse.

96 1913 102 1918 ¹
266 1841 323 1918 tx,
344 1841 419 1910 790.
442 1843 617 1928 Antipatri.
661 1846 696 1909 ln
721 1843 821 1910 Plan.
835 1833 952 1927 iltuto
975 1853 1035 1907 est.
1080 1843 1117 1906 ln
1139 1851 1218 1904 tem·

178 1927 269 2014 plum
289 1927 420 1992 Dianae
440 1927 618 2012 Ephesiae.
664 1929 750 2014 Gen.
773 1930 827 1994 lll.
854 1929 978 1994 Harum
1001 1928 1219 1993 dialectorum

177 2013 306 2084 somnae
328 2013 360 2078 in
383 2013 449 2080 hoo
471 2036 524 2100 ep.
548 2027 760 2099 comparent:
791 2016 909 2099 epioae
932 2002 1134 2095 Οὐλύμποιο,
1161 2007 1218 2093 ἒμ-

178 2097 347 2200 βεραὥτα,
365 2087 591 2203 'Avdpdxlo'tm
614 2101 775 2167 Doricae:
805 2089 900 2177 πόκα,
921 2088 1090 2185 μετάγαγε,
1111 2092 1219 2162 αἰπυ-

178 2207 289 2262 rotor,
310 2182 483 2270 φιλαμένα,
503 2209 571 2266 ταν,
593 2176 716 2273 ταύτᾳ;
738 2187 886 2253 Atticae:
908 2183 982 2271 δορί
988 2209 1001 2267 ,·
1023 2205 1144 2269 prosae
1167 2185 1219 2248 lo·
1269 2257 1272 2266 ,

28 2343 41 2364 ,
178 2275 293 2340 nieaet
315 2266 419 2352 μέζον.
463 2274 731 2358 Interrogationis
751 2273 966 2358 signumpost
983 2271 1128 2338 ultimum
1145 2290 1218 2335 ver-

180 2363 256 2425 bum
278 2359 466 2440 ponendum
490 2380 566 2425 esse
594 2363 680 2426 berre
703 2361 781 2426 dicit
802 2360 944 2424 Pussov.
966 2357 1000 2422 in
1018 2357 1116 2422 Jahn.
1140 2377 1216 2421 ann.

181 2444 265 2510 1827
282 2443 345 2526 lp.
367 2442 422 2514 73.
466 2446 501 2509 ln
525 2450 644 2512 eodem
665 2454 858 2531 argumento
877 2465 918 2510 no
936 2444 994 2522 lX,
1015 2444 1060 2509 58
1082 2462 1219 2508 versans

180 2529 327 2596 eiusdem
348 2527 514 2614 Antipatri
532 2531 599 2597 boo
622 2554 677 2617 ep.
701 2553 777 2598 esse
799 2531 938 2598 videtur.
974 2547 978 2554 ·

263 2612 331 2691 Xl,
357 2615 430 2683 158.
454 2616 627 2702 Antipatri.
671 2620 708 2684 ln
729 2617 895 2684 hominem
915 2635 1069 2702 nequam,
1091 2613 1218 2700 Cynico

179 2702 295 2768 habitu
315 2701 541 2781 incedentem,
564 2707 655 2769 euius
675 2715 784 2770 tamen
805 2723 916 2770 mores
934 2724 956 2768 a
974 2701 1108 2787 Cynicis
1126 2711 1220 2765 erant

179 2786 382 2856 alienissimi.
427 2789 513 2854 Gen.
535 2789 592 2856 lV.
615 2791 787 2856 Dialeotus
809 2790 917 2871 epioa.
961 2789 997 2856 ln
1018 2788 1061 2854 A.
1074 2788 1111 2853 P.
1129 2807 1218 2852 com·

178 2897 234 2940 ma
262 2897 295 2940 v.
317 2873 334 2937 1
363 2886 439 2956 post
459 2865 592 2962 ἄριστον
612 2878 788 2943 delendum
806 2887 866 2940 est.
918 2874 970 2938 De
993 2894 1131 2951 caussa,
1159 2893 1220 2936 our

180 2961 318 3028 Sidonio
340 2959 407 3024 hoe
429 2984 482 3045 ep.
505 2963 757 3048 assignaverim,
779 2962 855 3027 vide
878 2971 990 3026 annot.
1014 2963 1057 3024 ad
1076 2958 1147 3036 Vll,
1163 2957 1218 3022 65.

266 3045 342 3124 llll,
370 3047 415 3110 97
440 3039 616 3134 Antipatri.
662 3050 697 3114 br
719 3048 936 3132 Eupalamunr
957 3045 1128 3129 superiore
1148 3063 1218 3107 ma·

204 3132 214 3149 ⁹
255 3151 353 3218 quam
373 3130 526 3199 interiore
549 3136 699 3220 eorporis
713 3145 809 3218 parte
826 3133 1015 3199 formosum.
1061 3130 1146 3197 Gen.
1160 3127 1218 3192 Ν.

180 3151 355 3283 iiioleous
377 3220 488 3302 epica;
508 3219 653 3288 ultimum
674 3223 810 3288 verbum
831 3213 996 3285 Αἰακίδαο
1017 3226 1218 3301 corruptum.

181 3305 283 3388 Epp„
315 3304 432 3389 quibus
457 3305 524 3371 hoe
544 3308 577 3372 in
599 3307 762 3372 Stratonis
789 3304 887 3372 Musa
909 3305 1144 3380 circumdatur,
1176 3322 1220 3366 err

180 3387 383 3474 Autbologia
405 3390 569 3476 Meleagri
590 3404 696 3459 sumta
718 3403 803 3458 sunt.

268 3475 364 3542 Plan.
393 3478 467 3546 9911.
496 3479 670 3564 Antipatri.
721 3483 757 3544 ln
778 3477 913 3542 Homeri
932 3473 1093 3559 patriam,
1120 3495 1219 3559 quarn

181 3573 282 3646 poeta
304 3583 372 3628 uon
392 3565 426 3628 in
447 3587 514 3631 una
539 3586 651 3630 earmrr
680 3565 823 3642 urbium,
879 3581 942 3627 rrae
970 3561 1033 3626 sibi
1054 3581 1129 3624 eum
1149 3559 1219 3624 virr-

182 3651 303 3726 dioent,
325 3651 386 3714 sed
404 3649 438 3712 in
459 3651 603 3736 Olympo
624 3671 701 3716 esse
724 3649 814 3715 dicit.
893 3669 945 3714 on.
969 3651 1024 3712 lll.
1048 3645 1222 3711 Dialeetrra

182 3733 325 3812 Dorica,
347 3735 477 3802 duabus
504 3735 705 3822 interpositis
734 3734 848 3802 formis
871 3733 1008 3812 ionicis,
1037 3724 1222 3798 Λαπιθέων

183 3831 217 3886 et
236 3815 435 3906 Θεσσαλίην,
468 3821 627 3908 neglecto,
643 3821 798 3888 Dorismo
824 3822 858 3886 in
885 3809 985 3906 ἄλλην
1005 3830 1039 3883 et
1058 3806 1219 3902 τεκούσης,
1240 3821 1264 3892 .'

181 3905 362 3975 Homerum
389 3929 488 3996 quum
513 3907 621 3976 multis
650 3929 727 3993 epp.
755 3907 833 3974 Ant.
862 3907 933 3974 Sid.
962 3903 1123 3979 celebret,
1154 3923 1221 3968 uon

184 3993 308 4072 dubito,
330 3993 408 4081 quin
429 3993 495 4060 boo
518 3995 558 4060 iis
580 3995 766 4062 addendum
786 3993 827 4058 sit
849 3993 981 4077 irrgenlo
1002 3990 1074 4056 eius
1089 3989 1221 4073 poetioo

183 4079 283 4164 plane
306 4081 518 4150 conveniens.
1062 4095 1066 4102 '
