2726 4602
334 893 416 1012 Ρ-
444 891 516 1010 Δ
549 890 634 1012 R
668 893 726 1016 S
799 882 1005 1016 Ill.'

169 1104 289 1188 nn
313 1109 605 1193 niumm
613 1112 771 1196 nno
787 1177 795 1190 „
810 1063 1154 1198 franssa?

441 1234 897 1368 nomcnnsl..
973 1257 978 1264 ·
1265 1229 1270 1246 '

581 1456 737 1471 u—u*

433 1617 434 1624 ¹
484 1593 719 1664 CAPUT
771 1595 830 1664 Vl.

550 1730 772 1815 mmor)

171 1907 359 2028 Sidonius
379 1957 555 2046 Antipater
581 1981 681 2050 quum
702 1960 868 2048 Meleagri
890 1960 1056 2040 Coronam
1078 1981 1175 2032 exor-

134 2046 280 2124 naverit,
309 2046 354 2125 is,
382 2066 481 2132 quem
503 2047 672 2134 Philippus
692 2047 727 2114 in
747 2069 898 2135 prooem.
920 2071 954 2116 v.
977 2050 998 2113 7
1018 2049 1175 2128 nominat,

136 2131 447 2200 Thessalonicensis
474 2130 574 2200 fuerit
600 2145 635 2200 et
661 2145 719 2200 aut
745 2135 882 2202 soeculo
911 2133 1176 2202 antechristum

86 2285 91 2294 ,
135 2221 289 2306 proximo
311 2230 368 2286 aut
388 2219 526 2286 saeculo
547 2231 626 2306 post
647 2219 812 2288 Christum
831 2222 937 2306 primo
960 2233 1017 2288 aut
1035 2231 1176 2288 exeunte

136 2305 195 2373 iilo
219 2317 253 2371 et
271 2305 404 2374 ineunte
423 2301 490 2372 hoc
510 2305 649 2374 soeculo
665 2306 785 2374 vixerit
805 2327 945 2374 necesse
962 2317 1023 2372 est.
1067 2305 1175 2373 Multo

136 2405 250 2460 tamen
282 2393 468 2459 accuratius
499 2393 570 2460 eius
602 2403 748 2467 aetatem
775 2413 817 2458 ex
844 2389 1013 2460 hominum
1033 2412 1174 2480 quorun·

136 2481 216 2546 dem
232 2479 398 2547 mentione
413 2479 447 2544 in
465 2477 537 2545 eius
556 2477 803 2564 epigrammatis
820 2478 911 2548 facto
927 2477 1065 2546 definire
1083 2477 1174 2544 iicet.
1299 2533 1304 2542 ,

136 2564 245 2633 Multa
266 2566 352 2631 enim
373 2565 521 2632 earmina
538 2564 712 2650 Antipatro
733 2566 871 2646 tributa,
898 2565 932 2630 in
953 2564 1096 2650 Augusti
1117 2584 1174 2630 ae·
1204 2636 1206 2645 ,
1290 2607 1293 2620 ·

136 2649 256 2738 quales
277 2650 403 2736 scripte
422 2661 514 2717 sunta
543 2649 631 2718 haec
652 2651 761 2735 igitur,
783 2653 845 2718 etsi
865 2651 1054 2730 Passovius,
1075 2648 1176 2735 pluri·

135 2759 194 2804 ma
215 2757 331 2805 eorum
350 2737 384 2804 in
398 2735 532 2804 Corona
546 2736 688 2824 Philippi
706 2735 817 2804 iocum
838 2737 1007 2818 habuisse,
1027 2759 1095 2804 non
1118 2741 1175 2808 de·

136 2833 388 2902 monstrasset·
410 2825 455 2892 ad
489 2823 824 2892 Thessalonicensem
855 2846 922 2892 non
961 2823 1079 2892 referri
1111 2843 1178 2890 non
1270 2855 1272 2860 ·
1330 2877 1336 2886 .

135 2921 273 2996 possent
293 2920 327 2976 et
348 2911 523 2976 dessaetate
551 2910 623 2978 eius
650 2929 712 2976 nos
740 2910 890 2978 dubitare
909 2933 975 2978 non
996 2910 1174 2997 patiuntur.

136 2995 223 3064 Octo
247 3017 323 3082 epp.
347 2993 459 3068 Pisoni
483 2995 642 3083 inscripta
668 3008 760 3072 sunt3
794 2999 911 3082 quibus
937 3017 1037 3064 unum
1057 2999 1176 3074 addas,

136 3093 328 3186 qnopoeta
349 3101 484 3148 carmen
503 3083 634 3168 epicum
644 3081 823 3150 Bessorum
842 3083 971 3160 victori,
991 3096 1090 3170 quem
1110 3102 1178 3148 non

136 3180 293 3250 nominat,
316 3167 416 3244 dicat.
459 3167 503 3234 Α.
523 3189 556 3234 ιι.
581 3190 612 3244 c.
634 3167 699 3234 743
728 3176 834 3236 atrox
861 3173 897 3236 io
927 3168 1083 3236 Thracio
1109 3167 1175 3234 hel·
1291 3169 1293 3177 ’

137 3257 203 3322 lum
223 3265 348 3333 ortum,
378 3273 464 3342 quae
490 3257 596 3322 verba
623 3257 713 3342 apud
734 3251 901 3326 Velleium
922 3253 1132 3322 Paterculum
1150 3252 1175 3320 l.

137 3341 167 3410 ΙΙ
196 3362 228 3409 e.
250 3339 294 3408 98
316 3339 473 3428 legimus,
508 3341 654 3410 omrtibcs
683 3344 754 3408 eius
780 3345 891 3430 portio
917 3341 1111 3408 taliorchus
1140 3343 1179 3408 io

138 3448 239 3494 orma
261 3430 425 3507 accende,
449 3425 489 3494 L.
504 3425 641 3494 Pisonis
662 3432 773 3496 uirtus
796 3450 867 3495 com
890 3429 1004 3494 remit.
1044 3425 1179 3514 Quippe

139 3513 289 3604 Lepotue
319 3511 486 3582 Caesaris
508 3516 654 3582 tricem
682 3535 755 3582 cem
785 3515 836 3582 hio
862 3450 1019 3582 ieltavit:
1046 3521 1176 3602 peotes·

140 3702 346 3714 *Φ-
382 3707 384 3710 -

113 3837 130 3862 Ι
155 3789 204 3858 Π)
230 3787 294 3840 i'itio
311 3790 386 3844 Voss.
405 3788 438 3840 tia
456 3793 507 3842 vot.
525 3795 597 3858 poet.
617 3794 698 3858 temp.
718 3807 743 3870 p.
763 3788 806 3854 12,
826 3789 858 3842 do
875 3787 938 3842 hut.
958 3789 1062 3850 Graec,
1081 3787 1127 3840 uhi
1144 3785 1178 3838 tie

242 3854 388 3926 Antipatris
406 3855 538 3926 disputat:
555 3856 629 3912 Jons.
648 3857 682 3910 ie
699 3857 762 3912 lust
783 3875 834 3910 ser.
854 3857 919 3928 phil.
938 3857 956 3910 l.
976 3855 989 3908 1
1006 3875 1028 3910 a
1047 3853 1177 3910 1821301-

241 3923 286 4008 vin
303 3927 383 3976 mem.
402 3925 435 3978 ie
457 3925 555 3978 t’aouti.
574 3927 620 3979 ios
644 3925 724 3980 inser.
742 3927 775 3980 Τ.
795 3927 823 3980 11
839 3947 866 3998 p.
884 3923 1046 3980 219-ὃῖοι
1069 3923 1175 3976 Fuhrtc.

239 3992 307 4118 ἲιιΙίΙΙ.
325 3991 426 4118 Ἥ.
445 3994 524 4118 Ιὲωι».
543 3993 608 4049 4622
625 3993 719 4050 neith.
739 4001 792 4052 not
812 4001 899 4067 prot:
916 3992 1022 4049 Jacobs.
1042 3989 1072 4044 Α.
1091 3991 1122 4046 h.
1142 3991 1175 4045 Τ.
