2726 4602
607 313 738 415 jn
859 313 870 346 ¹

705 405 811 415 *au—.-

192 469 290 602 logio
304 463 418 605 pulcra
441 537 473 590 et
494 524 697 606 flexibilis,
679 547 766 614 quae
798 527 906 595 omnia
936 528 1128 605 exornabat,
1150 541 1228 611 per-¹

142 622 143 631 ¹
194 603 305 672 tinent.
361 610 389 674 Ι
380 613 563 697 oquacitas
590 614 655 680 illo
671 614 831 686 amabilis
858 619 1062 700 qnantu'pere
1091 612 1228 697 linguae

195 692 348 760 Graecae
368 717 502 764 numero
526 712 558 765 et
579 701 724 779 mollitie,
745 701 863 784 pulcra
884 699 1067 766 hexametri
1088 711 1122 764 et
1143 721 1225 784 pen·

194 782 322 844 tametri
355 783 603 878 corriunctiune,
636 789 725 854 baud
759 786 905 868 dissimili
928 802 1073 852 coronae
1096 797 1129 851 et
1156 787 1226 850 eui·

194 886 258 951 que
268 883 460 954 argumento
477 885 564 958 apta,
586 875 760 940 sublevata
774 872 895 940 esti-
920 873 1129 956 Epigramma
1140 889 1225 946 vero

193 969 297 1043 usque
334 960 377 1022 ad
405 959 602 1026 incunabula
637 971 901 1045 persequentes
913 981 1003 1027 mere
1035 958 1228 1029 historicum

172 1059 273 1104 esse
290 1044 456 1110 videmus·
468 1046 709 1125 inscriptiones,
730 1047 848 1132 quibus
860 1047 982 1112 Graeci
994 1045 1120 1120 domos,
1142 1057 1227 1112 tem-

119 1143 123 1148 ·
193 1124 260 1208 pla,
278 1149 379 1232 arma,
401 1153 496 1210 vasa,
517 1133 736 1217 supellectilia
754 1135 925 1210 amabant,
947 1132 1027 1197 nibil
1040 1133 1228 1198 indicarunt

193 1213 256 1279 nisi
278 1217 359 1300 quis,
381 1229 416 1282 ut
435 1220 557 1304 templo
579 1232 663 1294 utar
691 1220 757 1284 hoc
787 1220 998 1296 condidisset,
1029 1220 1082 1284 eui
1104 1222 1168 1285 deo
1189 1229 1227 1288 ei

194 1321 253 1364 cur
278 1301 312 1368 id
339 1317 578 1372 consecrasset.
634 1307 826 1386 Huiusmodi
856 1306 1104 1410 inscriptiones,
1140 1325 1229 1390 quae

193 1385 379 1492 Herdonia,
409 1404 446 1456 ut
466 1381 704 1477 distinguantur
724 1395 775 1458 ab
797 1393 1050 1476 epigrammatis,
1081 1412 1229 1477 ectypa-

194 1469 258 1560 pol
278 1478 484 1543 nominentur
504 1479 639 1557 mavult,
662 1499 860 1564 quamquam
881 1477 1153 1562 simplicissimae,
1176 1490 1227 1544 ta·

193 1582 269 1627 men
296 1565 408 1666 poesis
437 1565 725 1649 epigrammaticae
756 1565 849 1648 origo
877 1576 981 1630 erant.
1036 1565 1112 1630 Non
1139 1566 1228 1630 enim

193 1647 266 1713 lieri
291 1650 410 1732 potuit,
431 1652 510 1737 quin
533 1671 600 1716 rura
628 1672 702 1716 cum
732 1671 867 1736 numero
895 1651 1030 1735 poetico
1056 1651 1228 1735 inscriptio

193 1733 387 1802 relationem
409 1740 574 1824 quandam
593 1737 738 1810 auctoris
760 1741 892 1806 adrem
915 1749 947 1802 et
968 1759 1100 1805 sensum
1122 1757 1226 1840 quan·

98 1851 102 1856 ·
162 1823 177 1877 ἵ
195 1823 270 1890 dam
292 1822 467 1890 humanum
486 1825 688 1891 adscisceret
709 1825 821 1912 itaque
836 1824 1005 1908 poematis
1021 1843 1142 1897 nomen
1161 1824 1227 1890 sibi
1308 1890 1313 1896 ,

195 1922 347 1974 sumeret.
391 1911 485 1976 Haec
505 1913 611 1996 prima
632 1912 900 1995 epigrammatum
921 1909 1039 1988 lomna,
1066 1929 1152 1996 quae
1172 1909 1224 1974 hi·

194 1996 360 2073 studeam,
387 2008 425 2062 ut
440 1997 578 2064 Herdem'
604 1998 716 2062 verbis
743 2008 826 2075 utar,
856 1997 1095 2080 expositionem
1119 1996 1225 2060 conti·

193 2093 261 2158 net,
288 2081 321 2144 in
343 2069 552 2158 carminibus,
581 2105 666 2168 quae
694 2087 782 2150 dona
811 2086 946 2154 deorum
974 2083 1224 2162 comitabantur,

195 2177 238 2230 et
249 2166 490 2254 sapidoralibus
509 2170 599 2236 haud
620 2170 740 2254 paucis
752 2191 856 2256 arsque
881 2168 1119 2254 adpostetiora
1141 2181 1223 2236 tem·¹

194 2274 279 2336 pora
307 2267 507 2322 conservata
533 2268 594 2322 est.
642 2256 696 2322 Ad
723 2255 790 2322 hoc
818 2277 923 2340 genus
951 2257 1047 2322 etiam
1079 2254 1225 2322 fabellae

194 2353 377 2413 memoratu
386 2343 521 2427 dignae
529 2344 705 2428 portarent,
726 2345 874 2410 carmina
894 2345 927 2408 in
939 2341 1227 2408 variosbomiuuru

111 2495 113 2502 ,
156 2493 163 2513 ,
195 2447 312 2508 casus,
333 2429 365 2494 in
398 2429 549 2497 homines
572 2429 778 2515 praeclaros,
808 2431 987 2496 sitantum
1014 2448 1078 2508 res,
1110 2429 1228 2515 quibus

101 2573 105 2582 .
195 2514 394 2595 excelluere,
415 2528 599 2583 namsutur.
643 2518 678 2582 ln
700 2517 752 2582 his
764 2516 921 2582 omnibus
937 2537 993 2582 res
1014 2515 1087 2600 ipse
1109 2537 1169 2601 per
1189 2536 1244 2581 se

134 2683 138 2690 1
194 2599 336 2686 loquitur
355 2615 402 2667 et
409 2613 510 2688 poeta
528 2604 648 2672 lectori
667 2603 831 2688 permittit,
864 2613 900 2670 ιιι
927 2606 1016 2668 nuda
1045 2623 1083 2668 re
1114 2603 1227 2668 audita

196 2705 238 2750 ec
255 2695 365 2766 sensu,
385 2711 454 2774 quo
469 2691 541 2773 ipse
556 2690 709 2773 perfusus
726 2695 780 2768 sit,
800 2701 1054 2760 commoveatur.
1068 2733 1108 2748 -
1128 2689 1224 2756 Atta·-

195 2789 271 2837 man
294 2795 391 2860 quum
410 2795 475 2840 non
505 2797 619 2842 omues
646 2795 701 2840 ras
728 2776 775 2842 ita
802 2787 1014 2862 comparatae
1031 2777 1106 2854 sint,
1126 2775 1227 2842 facile

195 2858 285 2925 aliud
307 2880 411 2944 genus
434 2862 548 2941 extitit,
574 2866 651 2928 dum
671 2874 772 2946 poeta
789 2862 924 2941 lectori,
957 2863 1032 2947 quid
1055 2883 1130 2928 eum
1150 2883 1227 2948 nan

191 2947 321 3012 ratione
348 2950 450 3016 decer
433 2969 481 3028 e,
508 2970 592 3035 quos
620 2969 739 3014 sensus
767 2949 799 3014 in
830 2970 869 3014 eo
905 2950 1049 3022 excitare
1076 2936 1227 3026 voluerit,

196 3034 339 3101 dicebat.
384 3035 489 3103 Multo
511 3036 616 3102 minus
638 3035 762 3120 leporis
783 3036 848 3100 hoe
870 3055 975 3120 genus
1006 3034 1108 3100 habet
1129 3057 1229 3121 quam

195 3121 344 3206 primum,
371 3124 450 3209 quia
473 3123 599 3188 animus
618 3123 804 3190 divinanda
831 3133 952 3207 poetae
986 3123 1152 3187 sententia
1171 3125 1229 3188 de·

192 3209 311 3274 lectari
330 3231 395 3274 non
417 3222 537 3293 potest,
559 3221 594 3275 et
616 3211 693 3296 quia
713 3210 915 3295 epigramma
942 3209 974 3274 in
996 3212 1079 3274 duas
1102 3219 1227 3292 partes,

196 3297 433 3378 expositionem
456 3309 490 3361 et
508 3296 700 3376 clausulam,
732 3297 833 3362 dilabi
856 3297 967 3381 itaque
992 3285 1131 3361 fabiolae
1152 3315 1228 3362 curn

195 3395 376 3486 praecepto
397 3382 480 3450 utili
488 3383 591 3448 simile
614 3384 685 3447 fieri
705 3383 918 3467 penclitatur.
970 3384 1081 3456 Quare
1105 3393 1227 3466 poetae

196 3469 240 3534 ed
261 3469 355 3534 varie
378 3461 593 3556 confugerunt
616 3470 843 3573 epigrammati
868 3468 925 3534 vel
945 3469 1130 3534 huiusmodi
1151 3487 1229 3552 spe·

162 3567 164 3574 ’
196 3555 281 3619 ciem
297 3559 461 3657 quandam
479 3557 610 3623 unitatis
628 3557 893 3624 asservaturiss*
911 3556 979 3620 lam
997 3575 1077 3620 vero
1096 3555 1229 3620 tendum

195 3662 301 3727 genus
322 3641 356 3708 id
379 3655 437 3721 est,
460 3666 529 3748 quo⁹
547 3656 660 3748 poeta⁸
667 3644 791 3724 locum,
814 3641 871 3708 ubi
891 3641 1052 3727 expositio
1081 3653 1114 3707 et
1135 3640 1259 3706 clau·

196 3728 273 3796 sule
293 3731 507 3810 conveniant,
504 3732 880 3816 invenitinventumque
900 3739 1141 3814 repraesentat,
1163 3727 1231 3808 vel,

196 3828 232 3882 ut
250 3812 344 3883 aliter
366 3816 483 3895 dicam,
504 3817 634 3904 singula
654 3817 853 3882 lineamenta
870 3819 913 3882 ed
933 3835 1032 3882 unam
1053 3815 1231 3910 imaginem

198 3903 373 3990 coniungit,
394 3901 450 3968 vel
471 3924 540 3970 rem
561 3916 661 3970 totam
684 3903 778 4008 quasi
805 3925 870 3970 uno
892 3904 960 3969 ictu
979 3914 1141 3988 penetrat,
1163 3922 1232 3968 uuo

197 3991 290 4059 radio
312 3989 493 4058 collustrat.
538 3989 765 4058 Pulcherrima
787 4013 865 4076 epp.
889 3990 1049 4058 eiusmodi
1067 3989 1233 4094 reperies,

197 4078 338 4163 quaein
366 4089 481 4162 partes
505 4077 689 4195 dividtmtur
716 4075 886 4178 facillime,
916 4089 951 4144 ιιι
985 4095 1062 4162 epp.
1090 4075 1124 4144 in
1152 4074 1236 4142 artis
1342 4149 1343 4164 χ
