2726 4602
556 281 740 356 *40

600 373 800 384 ——a-n-a-nn-‘v

67 491 72 500 ’
123 541 127 554 ,
177 487 382 578 Melicertes,
403 497 454 562 sui
470 478 538 575 lilii,
560 494 789 566 a'Neretdtbos
804 497 925 563 servati
937 497 1221 580 immernorop'em

55 647 58 654 ,
145 647 148 652 ,
175 601 241 646 non
271 581 412 662 tulisset,
446 584 646 650 crudelitatis
677 586 843 649 incusans.
892 575 1063 648 Observds
1092 593 1227 661 tamem»

176 687 243 754 qua
263 689 300 732 re
328 668 393 734 hoc
421 689 552 736 carmen
576 674 618 736 ab
653 675 867 748 antecedente
887 669 1026 735 differat.
1070 669 1118 734 lbi
1141 670 1221 734 sim-

64 806 66 815 .
176 754 306 838 pliciter
326 758 588 824 narratiunculae
606 759 799 822 sententiam
817 756 1011 833 declaravit,
1033 754 1087 819 hic
1099 754 1234 821 fabula·

140 853 142 858 '
175 843 319 928 quadam
341 843 373 906 in
394 843 547 909 auxilium
565 857 687 910 vocata
709 844 826 908 lectori
847 843 976 920 locum,
1008 857 1117 928 aquo
1140 860 1231 906 nar:

173 927 391 993 ratiunculam
410 931 528 1014 inspici
546 932 633 1010 vult,
664 931 820 1018 assignat.
864 929 936 1007 Vll,
959 930 1034 992 745.
1063 925 1152 993 No'ta
1175 931 1221 994 de
1265 939 1267 948 ⁴

174 1014 266 1099 Ibyci
303 1027 423 1099 poetae
467 1029 572 1082 morte
614 1017 802 1082 narratione
839 1016 944 1080 lector
980 1026 1220 1110 commonetur,

173 1110 291 1185 poetas
312 1103 469 1186 singulari
497 1107 633 1170 deorum
659 1105 763 1168 tutela
789 1102 940 1187 gaudere
959 1113 992 1166 et
1007 1102 1131 1166 Furias
1157 1112 1221 1166 nc·

76 1269 79 1272 ,
173 1187 287 1254 cisiis
313 1188 426 1254 illatae
445 1211 611 1278 nunquam
633 1209 717 1269 non,
751 1211 848 1276 quum
875 1187 1054 1272 Aegisthus
1083 1209 1221 1274 quoquc

172 1271 291 1339 similia
318 1273 417 1362 atque
443 1278 534 1362 Ibyci
565 1276 794 1342 interfectores
820 1275 1024 1360 passussit,
1057 1273 1220 1339 ultionem

172 1361 338 1446 petivisse.
383 1363 491 1436 Quam
514 1367 598 1429 bene
615 1374 715 1448 poeta
733 1364 891 1430 maiorem
908 1361 1049 1427 orationi
1067 1361 1219 1426 calorem

100 1531 104 1539 Ι
171 1449 341 1514 additurus
364 1449 616 1514 allocutionibus
636 1450 846 1533 utitur‘lbyei
868 1459 900 1512 et
920 1446 1097 1514 latronum!
1142 1447 1216 1526 Vll,
1304 1529 1308 1536 ι

170 1535 204 1600 8.
228 1535 368 1618 Orphei,
391 1538 482 1600 ornus
503 1537 554 1600 uis
576 1537 710 1619 poetica
731 1557 764 1601 v.
790 1535 890 1600 l-t
910 1545 1091 1619 potestate,
1116 1555 1218 1620 quam

170 1618 204 1684 in
226 1623 379 1699 arbores,
402 1643 503 1700 saxa,
525 1621 633 1701 ieras,
656 1633 878 1705 tempestates,
899 1643 992 1686 marc
1015 1622 1216 1700 exercuerit,

172 1707 383 1786 describitur,
406 1727 495 1773 mors
516 1708 712 1793 permultum
732 1709 811 1774 lacti
832 1731 853 1774 a
874 1719 979 1773 matre
1002 1707 1159 1791 Calliope
1180 1719 1219 1774 ct

138 1827 141 1836 ·
172 1794 357 1859 materteris
379 1794 485 1861 Musis
503 1807 636 1880 poetam
659 1799 703 1862 ad
730 1795 924 1860 sententiam
947 1793 1166 1860 Simonideae·
1179 1795 1217 1860 in

67 1929 75 1948 .
119 1873 123 1894 '
169 1881 246 1945 mel.
266 1879 385 1965 fragm.
408 1883 476 1948 n.'l
497 1885 539 1948 A.
560 1883 599 1946 L.
622 1884 712 1948 haud
735 1881 922 1954 dissimilem
945 1881 1091 1958 adducit,
1115 1895 1214 1966 quum

135 2031 141 2036 ,
168 1967 292 2031 veldii
312 1980 449 2032 mortem
468 1990 489 2033 a
508 1968 619 2033 liberis
640 1968 836 2052 propulsare
858 1990 924 2031 non
946 1967 1092 2046 valeant,
1114 1968 1212 2032 nobis

170 2053 212 2116 de
240 2053 359 2122 nostris
385 2075 458 2118 non
490 2071 565 2118 esse
600 2056 814 2138 gemendum·
848 2053 955 2120 Etiam
988 2053 1054 2120 hoe
1088 2075 1143 2138 ep.
1169 2056 1214 2120 ab

169 2139 441 2204 antecedentibus
474 2141 640 2224 discrepat
677 2144 932 2227 quodammodo.
993 2141 1093 2205 Primi
1126 2141 1211 2206 enim

128 2251 136 2268 ,
169 2235 310 2310 quatuor
338 2246 454 2292 versus
487 2228 661 2312 descriptio
692 2240 766 2293 sunt
792 2228 906 2311 poesis
929 2226 1114 2309 Orphicae,
1138 2227 1211 2292 lans

167 2311 293 2395 Orphei
314 2331 377 2378 nec
392 2314 511 2379 minus
541 2315 743 2401 querimonia
775 2317 816 2380 de
838 2324 962 2379 morter
996 2315 1212 2399 quamobrem

58 2427 60 2442 ·
166 2397 253 2464 haec
274 2419 352 2484 pars
375 2403 580 2487 adsequens
602 2402 707 2486 magis
729 2421 828 2486 quem
850 2403 893 2466 ad
915 2400 980 2464 hoc
1002 2421 1115 2483 genus.
1130 2421 1208 2484 per·

112 2565 115 2571 ,
166 2485 270 2550 tinere
291 2488 429 2554 videtur.
474 2487 691 2553 Nihilominus
709 2499 811 2552 totum
833 2507 977 2563 carmen,
1000 2489 1088 2573 quod
1110 2504 1212 2570 prae·
1256 2487 1262 2493 ’

166 2584 265 2657 cepto
288 2574 577 2658 quodam'finitur,
608 2578 755 2640 secundo
778 2574 890 2656 generi
916 2575 1104 2639 addendum
1124 2585 1210 2640 erat.

166 2657 282 2740 Codex
304 2659 473 2725 Palatinus
493 2661 640 2726 ultimum
659 2673 692 2724 et
707 2661 919 2744 penultimum
943 2679 1077 2724 carmen
1094 2657 1213 2744 ‚sepul-

165 2743 311 2808 cralibus
340 2746 508 2828 adscripta
535 2759 710 2811 monstrat:
741 2746 923 2810 cuiusmodi
946 2745 1043 2831 quhm
1072 2767 1138 2812 non
1160 2748 1212 2811 vi·

108 2907 115 2914 ,
165 2834 304 2895 deantur
330 2851 421 2909 esse,
446 2831 521 2896 lac.
543 2833 577 2896 in
598 2832 641 2897 D.
669 2832 708 2901 E.
733 2831 878 2915 cantv
902 2833 935 2896 in
963 2839 1082 2916 poetas
1111 2855 1212 2919 quam

164 2916 239 2984 Vlll
261 2918 405 2984 adiicere
423 2917 552 2984 maluit.
574 2952 613 2966 -
646 2919 715 2984 lam
737 2919 814 2996 dixi,
835 2929 954 3002 poetas
974 2920 1149 2999 studuisse,
1173 2931 1212 2985 ut

163 3004 219 3070 vel
246 3005 298 3072 his
327 3027 403 3090 epp.
431 3007 586 3072 unitatem
616 3009 789 3092 quandam·
809 3003 1047 3070 conciliarent(
1088 3007 1211 3093 Neque

163 3092 431 3178 Antipaterhoc·
444 3093 608 3178 neglexit,
630 3097 691 3160 sed
713 3093 807 3158 varia
828 3095 976 3159 remedia
998 3093 1152 3158 carminis
1174 3093 1210 3159 in

164 3182 248 3245 duas
258 3193 371 3266 partes
389 3181 567 3246 discessuri
586 3181 744 3246 adhibuit.
773 3182 893 3245 Partim
910 3179 996 3243 enim
1013 3197 1082 3242 rem
1098 3181 1209 3263 ipsam

162 3264 196 3330 lo
219 3280 350 3333 nentem
371 3267 546 3334 introducit
575 3279 608 3332 et
629 3288 690 3351 per
715 3289 753 3334 se
775 3268 935 3332 lectorem
956 3265 1010 3331 vel
1033 3269 1209 3333 docentem
1246 3329 1252 3348 „

114 3363 120 3380 ¹
161 3289 220 3417 vel
237 3365 508 3422 commoventem.
539 3353 608 3432 Vll,
626 3353 691 3419 423
703 3353 823 3419 et425.
846 3352 939 3418 Bittis
959 3363 991 3417 et
1008 3352 1105 3436 Myro
1122 3353 1207 3437 tigu-

138 3451 141 3458 ·
160 3459 229 3518 ras,
252 3462 338 3526 quae
360 3443 466 3526 cippis
483 3441 627 3525 ipsarum
646 3451 721 3504 sunt
737 3439 932 3524 insculptae,
955 3439 1122 3523 explicant
1135 3439 1209 3504 via·

161 3529 236 3592 tori.
280 3525 349 3604 Vll,
374 3530 446 3595 172.
469 3528 660 3594 Alcimenes
682 3547 823 3610 auceps,
852 3547 966 3612 quem,
991 3529 1066 3592 dum
1089 3528 1208 3593 avibus

160 3615 256 3680 struit
275 3613 421 3692 iusidias,
441 3617 560 3699 vipera
581 3613 759 3694 occiderat,
784 3623 925 3678 emorte
942 3633 1003 3680 sua
1026 3616 1206 3678 documen·

159 3713 227 3770 tum
249 3701 350 3786 capit,
373 3702 426 3766 cui
446 3703 551 3768 simile
572 3701 772 3767 nostratibus
786 3702 821 3766 iu
838 3701 1014 3784 proverbio
1034 3709 1095 3766 est.
1131 3699 1205 3779 Vll,

80 3833 85 3846 ι
160 3789 193 3855 i.
215 3788 349 3855 Homeri
376 3787 450 3853 laus
477 3791 520 3853 ab
548 3788 656 3854 insula
683 3789 717 3852 lo
741 3788 945 3865 celebratur,
975 3807 1061 3873 quae
1081 3787 1120 3852 in'
1137 3787 1204 3852 line

158 3878 331 3954 viatorem,
354 3895 396 3940 ne
418 3873 561 3954 miretur,
584 3879 749 3953 admonet,
818 3877 863 3941 od
885 3875 959 3959 ipsa
980 3873 1107 3940 tantula
1127 3884 1203 3939 tan-

158 3973 225 4030 turn
247 3964 351 4028 tinam
372 3961 518 4042 occulat,
541 3981 639 4068 qaum
662 3962 762 4027 etiam
803 3961 897 4028 eleas
918 3959 951 4025 iu
973 3961 1029 4026 lco
1051 3959 1204 4044 sepultus
1226 4007 1229 4014 ,

157 4049 210 4128 sit,
237 4051 302 4129 vel,
322 4062 357 4117 ut
378 4049 451 4118 aliis
472 4052 583 4116 verbis
605 4051 730 4126 dicam,
750 4069 851 4136 quum
870 4047 957 4113 hacc
977 4049 1027 4146 =sit
1047 4064 1123 4112 sors
1142 4046 1203 4112 btr-
1265 4055 1270 4070 '
