2726 4602
772 181 776 188 v

770 255 776 262 .

546 371 749 390 -εα--ι-υὲ--ο

121 505 162 587 p}
186 499 275 569 1999
298 497 502 567 emendatio:
524 487 685 652 &piorem
705 488 868 568 θανάτοιν.
917 498 1023 567 Nimis¹
1041 496 1168 592 vioien·
1249 569 1252 578 ¹

121 601 183 654 tae
206 595 284 651 sunt
294 585 491 652 mutationes
513 607 535 654 a
583 586 796 670 riedemanno
819 589 860 651 de
873 589 960 656 med.
983 583 1058 670 syn.
1077 595 1167 668 pent.
1223 625 1228 642 ‚

122 687 160 760 p.
185 673 251 738 302
275 685 309 737 et
330 695 351 738 a
370 671 469 737 Gens.
493 671 537 738 D.
560 673 599 738 E.
623 675 656 738 in
673 671 767 738 Diar.
796 671 902 746 schol.
929 672 1080 738 oblatae:
1103 659 1169 736 ιῖλ-
1249 705 1253 726 1

121 747 259 846 γινόεντ’
288 772 321 824 et
342 747 492 843 ἄλγιστον
514 747 666 824 θάνατον’Ι
686 747 848 848 adamas
875 747 1048 842 ὀλλνμὲνῳ.
1099 759 1168 824 Re-

122 860 195 914 stat
217 845 286 912 alin
308 845 504 913 emendandi
524 847 596 912 via:
619 837 776 930 οἷλγίοτου
798 887 841 898 -
870 835 1037 910 θανάτους
1059 843 1169 910 hiatus

123 947 241 1000 tamen
262 955 329 998 non
351 932 458 1016 magis
479 931 636 1000 ferendus
660 953 734 996 esse
757 933 897 1011 videtur,
943 955 1018 998 uam
1037 931 1169 1018 syllaba

123 1021 264 1086 brevis·
296 1019 408 1094 Quare
432 1032 624 1104 comparato
646 1019 808 1086 hocloco
831 1042 906 1084 cnm
961 1017 1001 1098 11,
1023 1019 1099 1086 918.
1126 1019 1168 1084 10
1225 1019 1229 1038 ⁸

126 1097 282 1192 dtyroeov
303 1118 424 1190 poetae
445 1127 543 1192 quam
565 1107 699 1172 librario
722 1106 868 1172 tribuere
887 1105 1009 1173 malim.

214 1191 273 1270 lX,
295 1193 370 1260 791.
414 1193 451 1256 ln
471 1193 581 1258 Anim.
605 1193 646 1257 Τ.
667 1193 690 1289 1,
703 1195 741 1258 P.
764 1193 779 1256 1
800 1214 834 1276 p.
857 1193 929 1276 186,
950 1191 1007 1258 ubi
1024 1191 1091 1256 hoo
1111 1211 1167 1276 ep.

129 1279 298 1356 laudatur,
320 1289 446 1346 temere
461 1269 502 1358 ,δ’
522 1291 599 1362 post
621 1277 777 1350 πλατονις
799 1280 953 1344 insertum
975 1278 1134 1344 invenies.

214 1363 319 1442 XVII,
341 1366 374 1430 5.
398 1363 489 1428 Zeno
510 1387 543 1430 v.
574 1367 593 1430 2
624 1355 681 1428 οὐκ
701 1354 802 1450 Ὄσσῃ
829 1351 952 1434 Πήλιον
981 1353 1168 1444 ἀνθέμενος,

126 1441 202 1516 οὐδὲ
224 1441 300 1535 ro'y'
322 1441 505 1538 Ἡρακλῆος
533 1441 654 1528 ἀέθλια
688 1455 732 1516 ad
761 1451 939 1536 Olympum
966 1450 1166 1534 properavit.

127 1539 186 1604 Sic
208 1539 316 1606 verba
338 1550 458 1604 sonant
479 1541 568 1622 apud
589 1537 689 1622 Diog.
712 1537 826 1602 Laert.
871 1535 1167 1626 Toupiioonieotuff
1211 1556 1215 1569 ¹

126 1647 200 1690 rarn
227 1615 348 1688 οἷέθλεε
377 1622 521 1690 Brunck.
551 1636 585 1690 et
619 1623 694 1690 Jao.
722 1626 957 1710 probaverunt.
1010 1623 1168 1691 Fortasse

126 1701 253 1776 α’έθλια
274 1709 353 1776 ferri
374 1710 489 1794 possit.
546 1699 709 1788 Ἀέθλιον,
731 1707 833 1794 vuigo
855 1712 1037 1793 praemium
1059 1721 1187 1789 certet·¹

126 1797 236 1876 minis,
257 1817 492 1898 nonnunquam
515 1809 683 1868 certarnen
705 1797 812 1880 ipsum
833 1795 1012 1880 signifieat:
1044 1819 1077 1864 ν.
1101 1795 1166 1864 οι1.

127 1883 254 1962 XXIV,
279 1883 352 1952 168.
410 1879 647 1950 Ανονίθεοθαι
670 1894 735 1948 esta
757 1881 881 1970 aliquid
902 1883 1167 1984 sibitmpoqera

127 1970 422 2058 srrsciperaderre
442 1967 475 2036 et
496 1969 620 2057 aliquid
641 1991 710 2048 sua,
723 1969 834 2054 gratia
860 1965 1041 2054 imponere.
1084 1973 1166 2036 ’Λν-
1196 1975 1201 1987 ¹
1282 1999 1286 2004 ·

126 2054 267 2146 θέμξνος
287 2077 355 2122 non
373 2053 479 2124 minus
506 2060 551 2122 ad
580 2045 702 2122 ἆέθλια
730 2077 829 2142 quam
857 2059 901 2121 ad
921 2043 1045 2142 Πήλιον
1065 2057 1166 2140 perti·

127 2157 185 2212 net
214 2157 247 2210 et
272 2166 306 2209 v.
337 2145 358 2208 2
385 2143 484 2222 hanc,
511 2165 545 2209 v.
582 2141 603 2208 3
636 2142 729 2214 iilam
756 2142 1028 2227 significationem
1051 2142 1165 2212 habet.
1245 2155 1252 2170 ²

130 2231 191 2298 Sin
211 2253 244 2296 v.
267 2230 289 2295 3
311 2225 416 2314 έοοιῷ
446 2227 626 2296 subaudire
641 2227 737 2306 velis,
756 2230 859 2308 dicas,
881 2219 1060 2312 ἀνθέμενος
1078 2241 1166 2296 utro·

133 2339 197 2404 que
222 2339 322 2384 versu
349 2317 480 2384 valere:
514 2315 570 2404 qui
602 2336 665 2381 sua
694 2314 801 2400 gratia
828 2317 992 2400 imposuit.
1043 2313 1167 2388 Latine

133 2415 240 2472 antem
260 2405 307 2470 in
327 2406 432 2470 verba
460 2404 596 2488 Graeca
622 2403 743 2468 reddo:
772 2401 827 2490 qui
851 2423 960 2489 neque
982 2387 1164 2486 Ossae'Pe·

131 2489 217 2570 lium,
238 2511 347 2580 neque
367 2491 432 2558 sibi
453 2487 607 2556 Herculis
628 2486 990 2574 certaminainrposuit.

499 2893 700 3008 carun
734 2937 794 3006 ιν.
874 2895 878 2905 “

169 3095 257 3168 nn
273 3062 601 3168 'nummum
620 3091 1008 3168 aneurrnnno
1029 3093 1115 3166 nn

379 3198 607 3270 mnonn
628 3196 914 3270 nonnron.
1003 3195 1005 3206 ¹

215 3437 248 3509 A
270 3440 462 3509 definitione
481 3453 520 3508 et
535 3441 674 3508 historia
697 3439 940 3528 epigrammatis
960 3437 993 3505 in
1014 3437 1082 3506 hoe
1105 3463 1162 3508 ea·

154 3529 197 3592 ite
225 3529 460 3594 exordiendum
487 3541 549 3595 est.
606 3529 733 3602 Quibus
766 3526 906 3612 cognitis
939 3528 984 3592 ad
1018 3529 1163 3594 earmina

129 3547 294 3696 impari
315 3611 440 3680 Sidonii
461 3605 682 3694 transibimus,
706 3625 747 3692 et,
771 3634 858 3700 quae
882 3633 920 3678 ar
943 3625 1076 3680 omenta
1095 3614 1163 3702 qui-

37 3701 38 3788 f
130 3701 193 3766 bus
214 3701 322 3766 modis
343 3701 544 3780 tractaverit,
566 3702 761 3779 videbimus,
783 3711 817 3767 ut
841 3633 1040 3768 tuciacum
1062 3699 1093 3765 ei
1114 3700 1162 3765 in·
1202 3746 1208 3760 .
1322 3709 1325 3716 ’

132 3799 180 3853 tar
204 3785 491 3870 epigrammatieos
514 3789 718 3858 Graecorum
746 3799 865 3874 poetas
888 3788 1058 3872 assignare
1084 3807 1162 3870 pos·

132 3873 242 3952 simus,
265 3884 298 3940 et
319 3885 354 3940 ut
374 3875 591 3944 rectissimum
612 3877 654 3940 de
677 3875 749 3940 eius
770 3872 881 3941 indole
900 3871 1161 3960 poeticafiatiu-
1245 3875 1248 3884 “

130 3961 261 4026 dicium.
312 3961 410 4036 Quod
437 3964 481 4028 ad
517 3963 737 4030 definitionem
765 3960 1009 4048 epigrammatis
1036 3959 1161 4038 attinet,

131 4047 160 4114 si
179 4067 202 4114 a
221 4047 333 4134 poetis
353 4049 556 4120 nostratibus
577 4047 919 4146 proiectiitodiernam
940 4044 1080 4113 formam
1101 4045 1162 4130 pio

1004 4147 1034 4236 ‚3
