2726 4602
611 288 766 362 0⁰·

549 369 752 390 w.-

208 487 272 580 1x,
293 487 366 570 935
380 499 473 568 reem
491 500 524 568 m
545 499 612 568 noo
635 521 708 583 ep„
738 501 826 587 quoe
850 501 892 564 ee
913 497 978 575 xi,
1001 495 1062 562 att
1089 495 1164 572 uxr,

117 586 267 752 valedii,
293 671 367 746 tlt.
412 671 527 744 Verba
544 609 683 738 ⁴(ireecd
705 669 901 738 haeesum:
930 683 932 694 ¹
1272 729 1275 742 ,

168 757 250 844 Τρὶς
271 754 351 821 δέκα
371 779 413 840 με
433 747 583 824 uerticem
602 757 658 824 καὶ
679 757 731 834 δὶς
749 751 828 844 τρία
848 745 980 838 μάντιες
1000 741 1127 839 ἄστρων
1151 785 1154 793 ν
1194 791 1201 810 .

253 839 365 929 φασίν·
388 840 462 925 ἐμοὶ
483 835 518 909 δ’
538 834 632 930 desei
651 843 707 910 nai
727 833 824 917 denda
846 834 866 930 ἦ
884 831 1028 930 τριτάτη.

129 953 135 966 ·
164 921 347 1082 τοῦτοΝροῖρ
369 919 560 1082 ἅρθροῇποιέρ
580 930 696 1080 βιοτρδςἼ
714 921 804 1084 ῥ”ρος19
818 926 851 994 oi
872 919 908 1033 ρ’
923 923 998 1080 {Ji
1006 909 1134 998 τούτοις
1201 949 1205 968 ·

207 1101 272 1190 Ep.
285 1024 739 1190 edidpifflffquidvdiirsderd
757 1036 975 1180 idcidrieslgestt
987 1035 1066 1165 dim
1086 1116 1163 1199 pro-
1226 1075 1231 1160 f

115 1199 194 1272 pter
214 1189 375 1255 maiorem
395 1189 638 1274 simplicitatem
659 1189 755 1273 huius
780 1189 896 1255 archet
942 1209 997 1254 run
1018 1205 1093 1252 esse
1114 1203 1163 1248 vr-

118 1276 227 1338 detur.
271 1274 451 1340 Jacobsins
472 1277 505 1340 in
528 1275 655 1342 Gomm.
680 1275 756 1341 crit.
771 1285 806 1340 et
826 1275 859 1339 in
880 1274 913 1339 A
937 1272 969 1340 d.
994 1276 1038 1340 ad
1051 1269 1163 1350 ιΑ.Ρ·ι

120 1359 279 1424 Graefius
311 1361 343 1424 in
376 1361 498 1426 Annot.
531 1371 606 1430 nist.
634 1383 668 1428 v.
698 1361 818 1426 deti
851 1361 1017 1444 corrigere
1050 1354 1163 1423 eonati

118 1458 207 1513 sunt.
252 1445 336 1535 Miipi
352 1445 418 1512 hoc
440 1449 642 1532 epigramma
663 1447 741 1513 sola
761 1447 1021 1531 interpunctione
1038 1451 1164 1508 mutata

27 1583 36 1590 ·
118 1533 234 1598 sonari
255 1553 356 1616 posse
381 1533 520 1600 videtin.
566 1536 707 1602 Primum
736 1533 910 1616 Antipater
925 1532 1025 1618 dicit,
1056 1540 1161 1597 astro·
1251 1521 1258 1578 '-

120 1615 218 1702 logos
239 1619 312 1697 sibi,
335 1619 389 1684 cui
404 1620 460 1686 vel
474 1621 606 1706 triginta
623 1619 802 1700 sufficiant,
823 1619 931 1686 vitam·
947 1618 1080 1706 triginta
1100 1635 1163 1690 sex

121 1725 284 1770 annorum
303 1705 520 1790 praedixisse.
562 1697 688 1794 Ἀρκεῖν
713 1705 933 1772 transitivum:
962 1723 1080 1772 arcere
1102 1700 1161 1768 ali·

121 1790 199 1876 quid
216 1793 265 1856 ab
289 1791 419 1881 aliquo,
446 1793 684 1860 intransitivum
713 1803 780 1858 est:
815 1790 1041 1858 defensionem
1062 1809 1177 1894 praee·

120 1887 213 1942 stare
234 1877 349 1954 alicui,
376 1879 407 1944 ei
425 1884 606 1962 prodesse,
635 1881 724 1946 bono
747 1899 837 1957 esse,
860 1876 1028 1942 sufficere.
1078 1872 1162 1956 nau

120 1952 156 2026 δ’
175 1951 271 2049 ripaei
298 1960 354 2028 καὶ
381 1957 477 2039 dende
504 1957 525 2053 'i
550 1955 702 2052 τριτάτης
736 1985 755 2030 e
777 1987 815 2030 re
843 1985 920 2029 mea
944 1962 1000 2028 vel
1024 1963 1165 2048 ,triginta

116 2060 207 2114 sunt.
252 2048 384 2116 Verba:
405 2050 509 2116 τοῦτο.
521 2044 583 2139 yde
605 2039 795 2141 ἀνθρώποις
812 2049 925 2136 βιοτῆς
940 2040 1018 2136 ὅρος
1034 2047 1162 2114 uncinis

115 2135 343 2205 includantur:
366 2135 422 2202 hic
443 2140 530 2204 enim
551 2139 708 2204 terminus
726 2138 815 2203 vitae
838 2137 1036 2202 hominibus.
1081 2134 1161 2212 Qui·
1187 2161 1190 2169 ·

120 2223 185 2304 brus
204 2223 316 2295 verbis
339 2225 384 2288 ad
404 2223 576 2308 uulgarem
605 2224 698 2290 illam
718 2224 914 2304 sententiam
936 2227 978 2290 de
997 2222 1162 2288 aetatibus

119 2308 313 2392 respicitur,
356 2329 470 2374 uorum
490 2321 560 2376 tres
583 2314 673 2394 apud
693 2307 897 2375 Herodotum
918 2306 1090 2376 saeculum
1112 2304 1161 2370 ef-

119 2393 245 2460 ficiunt.
289 2394 317 2458 P
353 2395 442 2460 orius
462 2395 551 2460 hanc
573 2395 768 2462 sententiam
786 2394 950 2478 expressit
965 2391 1162 2477 Anonymus

115 2482 214 2545 ister
232 2469 251 2545 ὁ
271 2470 334 2566 γοέρ
355 2471 467 2562 χρόνος
488 2473 592 2556 ἄνθος
612 2471 744 2569 ἄριστον
764 2472 912 2587 κροκῶτ’
941 2480 1057 2562 Pergit
1077 2498 1161 2562 poe·

118 2578 155 2630 ta
176 2577 254 2650 post
281 2567 387 2632 verba
414 2567 625 2652 interposita:
652 2565 691 2638 ,οἱ
712 2557 747 2632 d'
767 2566 826 2632 eni
853 2585 981 2640 roccone
1001 2561 1162 2650 Νέστορι,·

119 2651 247 2736 Supplc
271 2652 453 2718 orationem
470 2655 639 2721 vocabulo
661 2645 807 2742 ἤρκεσαν.
826 2663 829 2668 ’
850 2649 893 2718 Oi
910 2650 931 2716 d
935 2643 945 2667 ¹
960 2649 1019 2717 ἐπὶ
1034 2637 1162 2724 τούτοις

117 2737 294 2825 quisunt?
336 2738 426 2804 Anni
452 2752 549 2825 puto,
583 2762 667 2827 quos
695 2740 767 2827 quis
796 2739 964 2824 trigesimo
992 2748 1161 2804 transacto

11 2845 13 2852 ·
117 2823 209 2890 vitre
235 2843 319 2890 suae
345 2827 448 2892 addit
500 2827 588 2902 Quia
614 2839 718 2912 poeta
746 2825 799 2902 dia
819 2823 897 2916 cpia
924 2826 1058 2904 dixerit,
1086 2843 1162 2890 enm

117 2901 177 2996 ἔτη
198 2921 309 2976 mente
330 2910 488 2978 habuisse
510 2913 670 2999 colligas:
693 2913 810 2980 audior
833 2915 878 2978 ita
901 2934 943 2978 ue
963 2907 1061 2978 ἐτέων
1082 2929 1116 2976 v.
1138 2909 1160 2974 2
1213 2961 1216 2972 .

117 3006 195 3097 post
217 2988 314 3070 δεκάς
336 2999 552 3082 cogitatione'
563 3003 750 3066 addendum
773 3011 834 3065 est.
911 3010 922 3062 t
940 2995 1008 3064 v.3
1029 2994 1070 3074 oi,
1092 3015 1161 3060 non

116 3104 160 3145 τα
189 3083 388 3168 reperimus:
422 3079 566 3152 ἐνιαυτοί
594 3087 693 3170 igitur
720 3085 887 3152 vocabulo
915 3078 952 3148 ε”τ
1000 3081 1160 3148 memorie

11 3209 12 3216 ι
117 3167 195 3234 dela
237 3191 259 3233 o
282 3182 405 3253 poetae
428 3173 639 3238 obversatum
661 3193 738 3238 esse
759 3173 899 3240 videtur.
969 3191 1026 3234 ero
1048 3179 1160 3235 tamen

11 3707 13 3810 i

118 3252 192 3320 simi
207 3257 258 3320 'ns
279 3267 341 3334 est,
363 3256 498 3325 notione
514 3257 693 3324 universali
715 3253 830 3346 χρόνοι
847 3256 1029 3354 orationem
1049 3254 1159 3320 redin-

116 3343 253 3426 tegrari.
297 3342 398 3426 Apud
409 3345 588 3428 scriptores
610 3346 729 3410 aetatis
745 3344 936 3430 posterioris
952 3360 1064 3429 χρονος
1082 3360 1159 3407 sac-

78 3491 85 3498 .
117 3445 161 3510 pe
189 3427 293 3494 idem·
309 3428 472 3513 significat
504 3441 603 3516 atque
637 3452 758 3506 annus,
803 3430 880 3496 Vid.
903 3426 1091 3494 Hemsterh.
1115 3427 1160 3494 ad

117 3513 177 3578 Ar.
202 3514 288 3580 Plut.
303 3537 344 3599 p.
369 3517 541 3584 nster.
567 3515 689 3583 Valck.
713 3519 842 3584 diatrib.
866 3538 898 3600 p.
924 3515 998 3580 135.
1046 3515 1159 3590 Quan-

118 3602 297 3703 doquidem
321 3600 496 3703 Antipater
522 3607 565 3668 de
593 3604 663 3670 vita
685 3605 834 3674 diuturna
863 3603 1003 3686 cogitat,
1036 3603 1161 3668 Nestor

117 3689 226 3752 snbrto
254 3708 288 3750 m
322 3701 463 3768 amnium
491 3689 634 3756 incoxerit.
688 3692 776 3758 Num
804 3689 897 3768 anni,
932 3710 1014 3775 quos
1035 3689 1159 3754 Nestor

11 3811 13 3840 t
116 3771 193 3856 plns
215 3772 347 3856 triginta
367 3773 465 3852 vixit,
495 3775 526 3840 ei
553 3778 630 3862 quid
658 3776 867 3861 profuerunt,
896 3778 983 3842 bono
1007 3773 1158 3840 inerunt?

11 3859 12 3882 ¹
116 3857 243 3924 Verum
270 3859 369 3924 etiarn
397 3859 521 3926 Nestor
544 3875 715 3929 senectute
743 3862 847 3948 longa
872 3875 1010 3948 peracta
1031 3859 1158 3926 inferos

11 3999 12 4014 .
118 3945 210 4010 adiit.
261 3939 307 4008 Δέ
329 3945 495 4029 porticum
528 3946 577 4012 sic
604 3949 694 4016 initio
721 3951 948 4035 responsionis
976 3947 1084 4034 posita
1106 3961 1158 4016 est

116 4029 213 4096 Hom.
230 4030 294 4097 Od.
316 4053 351 4112 μ,
374 4032 438 4098 116
458 4043 493 4098 et
512 4053 551 4112 π,
572 4035 649 4102 tls.
