2726 4602
618 271 622 278 x

639 325 711 397 *⁸⁰

539 419 542 429 t
568 419 773 432 -u--a--m

109 517 111 530 ¹
152 591 155 598 .
239 539 337 610 Plan.¹
363 539 440 608 305.
482 538 683 624 Antipatri„
713 543 748 603 ln
782 537 969 603 Pindarum.
1020 535 1106 600 Gen.
1137 537 1193 598 tu.

152 624 323 691 Dialectus
345 625 452 710 epioe.
477 624 554 716 Ant.
570 625 640 691 Sid.
661 647 715 709 ep.
733 625 765 692 in
789 627 928 689 cundem
950 624 1018 705 iam
1039 621 1191 706 legimus.

154 800 192 860 tt.
224 785 279 862 Ea
303 817 409 882 epp,
432 807 536 881 q'uae
560 757 773 879 Antipatri
794 793 1193 861 Thessalonicensis

514 919 605 964 esse
627 899 828 972 videntur.
1171 896 1176 902 '

241 1054 312 1132 Vll,
335 1053 549 1120 taretros.
573 1053 725 1120 Lemma:
757 1051 933 1136 Antipatri.
978 1045 1192 1116 Thessaloni-

155 1141 265 1204 censis
294 1160 369 1204 csse
384 1140 563 1217 ‘videntum
595 1140 672 1225 quia
698 1139 826 1206 inclusa
853 1148 928 1204 sunt
953 1138 986 1202 iu
1017 1140 1093 1202 cod.
1113 1157 1191 1219 epp.

153 1225 217 1290 286
239 1225 316 1291 Aht.
341 1225 459 1291 Thess.
491 1237 524 1290 et
552 1226 616 1292 289
637 1224 716 1291 Ant.
739 1225 830 1290 Mac.
883 1222 1074 1308 Naufragus
1101 1222 1208 1286 iuuta¹

152 1309 242 1376 littus
272 1311 420 1396 sepultus
453 1331 490 1376 se
523 1311 589 1376 vel¹
608 1321 770 1376 mortuum
802 1333 824 1378 a
853 1310 935 1375 mari
961 1321 1122 1376 ¹venatum
1140 1308 1194 1372 ,ίιί

127 1438 129 1442 ·
153 1398 378 1484 conqueritur,
408 1417 547 1484 eosque,
575 1398 629 1482 qui
650 1417 688 1462 sc
714 1397 877 1462 hocloco
899 1393 1119 1472 humaverint,
1143 1394 1193 1457 iu·

27 1557 33 1568 ,
152 1495 279 1566 crepat.
325 1483 410 1549 Gen.
433 1489 471 1548 ll.
500 1486 590 1548 ldem
611 1493 837 1565 argumentum
859 1491 979 1546 tractat
1000 1477 1191 1580 Archnssy·

154 1581 241 1633 zant.
274 1569 346 1647 vn,
364 1571 438 1635 278.
466 1568 639 1633 Dialectus
659 1569 766 1650 epira.
809 1556 1012 1652 Ἀπρήϋντος
1028 1577 1080 1631 est
1100 1565 1193 1646 απαξ

152 1645 327 1738 λεγόμενον.
352 1695 392 1708 -
414 1653 613 1736 Naufragus,
635 1655 729 1720 cuius
752 1673 886 1722 carmen
906 1654 1018 1736 pisces
1034 1653 1192 1718 ambede-

152 1751 236 1819 rant,
259 1761 337 1805 ossa
359 1745 402 1808 ad
424 1739 513 1805 littus
535 1741 643 1804 eiecta
661 1751 765 1819 erant,
786 1760 824 1805 se
841 1741 959 1824 partim
972 1750 1092 1818 terrae,
1115 1755 1192 1822 par-

153 1827 210 1890 tim
232 1828 332 1892 maris
355 1848 429 1893 esse
442 1825 541 1906 ,dicit
594 1826 679 1892 Gen.
704 1831 742 1891 ll.
772 1823 943 1892 Dialectus
971 1825 1079 1909 epica.
1111 1824 1192 1892 Dia·

152 1913 313 1976 lectorum
335 1915 418 1978 ratio
442 1923 475 1976 et
496 1924 699 1994 argumenta,
722 1912 840 1998 quibus
861 1911 980 1976 similia
1001 1927 1104 1994 saepe
1126 1922 1192 2000 tra7

151 1998 255 2062 otavit
277 1997 354 2062 Ant.
378 1999 508 2075 Thess,
531 1999 725 2064 sententiam
755 2001 796 2063 de
820 2019 861 2062 eo
882 2008 1016 2063 auctore
1037 1997 1192 2063 habendo
1230 2079 1234 2084 ι

137 2082 358 2148 ‘confirmant

243 2166 313 2246 vu,
335 2167 410 2233 aar.
432 2166 606 2250 Antipatri,
629 2166 684 2232 arn
706 2167 849 2253 rurippi
872 2126 1192 2236 Thessalonicensis.

154 2255 189 2322 ln
212 2253 397 2338 Glyconem
425 2252 600 2332 athletam,
631 2275 729 2338 quem
756 2255 928 2322 anemine
956 2256 1078 2324 vietum
1098 2255 1193 2321 Mors
1311 2297 1317 2304 -

88 2383 94 2395 .
151 2353 264 2404 tamen
292 2341 479 2424 prostravit.
525 2340 610 2418 Gen.
635 2343 689 2424 lll.
721 2341 833 2408 Insunt
859 2345 945 2406 duae
972 2339 1100 2407 formae
1122 2341 1193 2406 Do·

116 2505 122 2510 ¹
150 2426 262 2504 ricae,
285 2422 431 2491 calcator
454 2438 487 2490 et
509 2419 651 2511 ἔρῥοντι,
672 2448 739 2492 uua
760 2429 872 2493 lonica
894 2422 1000 2513 χέρες,
1021 2426 1193 2492 Dorismus

83 2550 88 2562 ,
153 2512 323 2664 ίιθςίθὲῑυε
346 2514 449 2578 estin
470 2501 597 2596 Ἀΐδης.
651 2515 817 2580 Posterior
843 2533 922 2597 pars
951 2535 1005 2598 ep.
1028 2514 1076 2577 sic
1097 2525 1195 2578 sonat

154 2619 185 2662 m
210 2619 249 2662 co
276 2619 304 2662 .:

218 2751 220 2758 Ι
413 2744 416 2770 ¹
446 2673 501 2745 tor
522 2681 558 2747 δὲ
580 2673 725 2769 replebor
745 2671 866 2750 ott’o'v
885 2673 1030 2760 Ἰταλοῖς,

284 2755 365 2830 olc'
382 2755 512 2831 ‘attala
533 2759 571 2832 τὰ
592 2770 730 2854 πρῶτον,
753 2758 818 2834 οὔτ’
837 2766 872 2834 ἐν
891 2759 1013 2854 'Aulula

255 2903 260 2910 .
281 2843 300 2916 ὁ
322 2840 430 2916 πάντα
452 2852 546 2917 νικῶν
565 2843 676 2940 Ἀΐδης
697 2845 876 2941 civitatense

158 2933 203 3006 Τό
236 2937 366 3025 πρῶτον
397 2941 624 3022 depravatum.
678 2941 752 3006 Jac.
786 2942 819 3006 in
852 2941 979 3007 Cortum.
1013 2943 1101 3007 crit:
1142 2963 1193 3015 τις
1224 2991 1228 3004 ,

154 3022 321 3113 terpora.
365 3024 519 3104 Facilior,
541 3038 632 3110 puto,
655 3027 740 3093 haec
762 3038 813 3092 est
835 3023 1036 3094 emendatio}
1057 3027 1116 3092 τέο
1138 3027 1195 3097 rel

102 3143 105 3148 ·
153 3109 216 3196 τέῳ
241 3099 392 3198 repertor.
446 3109 572 3178 Sidonii
598 3113 664 3178 hoc
692 3136 745 3199 ep.
774 3133 849 3179 esse
876 3116 1003 3200 nequit,
1039 3113 1193 3199 quoniam

155 3197 263 3283 Glyco
295 3197 435 3280 Augusti
468 3209 578 3264 aetate
610 3201 707 3265 vixit:
740 3211 847 3266 utrum
877 3199 1193 3282 Thessalonicensis,

154 3305 198 3348 au
220 3283 363 3366 Philippi
383 3284 440 3361 sit,
469 3283 503 3349 id
531 3287 652 3370 ambigi
677 3296 798 3372 potest.
849 3286 978 3351 Maiore
1008 3307 1082 3352 cum
1109 3287 1193 3352 lidu-

154 3370 208 3434 cia
230 3369 404 3453 Antipatro
425 3369 606 3448 tribuerim,
637 3395 714 3438 nam
745 3374 774 3438 is
797 3373 946 3458 aequalis
969 3371 1113 3457 Glyconi
1135 3371 1195 3437 fuit

33 3461 36 3469 '
152 3467 187 3520 et
208 3455 311 3522 multa
332 3455 366 3520 in
386 3455 476 3522 viros
496 3477 579 3522 suae
610 3460 729 3524 aetatis
755 3458 897 3523 illustres
929 3481 1007 3543 epp.
1030 3457 1193 3532 'confecit3

149 3541 221 3608 -huc
240 3542 388 3644 accedit,
415 3545 509 3627 quod.
525 3554 640 3608 auctor
659 3556 815 3633 tanquam
838 3547 880 3608 de
901 3545 1084 3646 nuperrime
1106 3565 1192 3610 mor·

155 3627 426 3791 mo'lllllljmlllb.
461 3715 633 3799 Antipatri.
678 3714 731 3778 lla
752 3650 959 3800 Amphipoli,
992 3719 1025 3781 in
1055 3727 1194 3802 utraque
1234 3797 1235 3804 ἵ

154 3800 339 3885 Strytuonis
360 3799 433 3883 ripa
454 3801 535 3878 sita,
564 3803 627 3867 iam
650 3802 778 3884 pridem
801 3801 906 3868 diruta
930 3815 962 3868 et
985 3823 1095 3888 partno
1116 3823 1193 3886 pur-

154 3907 258 3970 pureo
281 3885 480 3952 corrsimiliss.
513 3888 598 3954 Gen.
632 3892 685 3952 ΙΙΙ.
724 3886 895 3954 Dialectus
927 3890 1027 3974 spica
1053 3899 1086 3954 ct
1103 3889 1195 3956 urbs

58 3993 60 3998 ·
119 3991 124 3997 “
154 3973 394 4052 Macedoniae,
420 3976 462 4038 do
484 3981 547 4058 qua
570 3975 688 4058 agitur.
712 3973 1019 4044 Thessalonicensis
1042 3995 1116 4041 osse
1140 3997 1193 4058 ep.

156 4059 326 4140 probabile
348 4061 497 4124 reddunt.
978 4091 981 4098 ⁴
