2742 4600
541 323 752 422 'ss

129 538 164 604 in
185 535 354 602 stronn'lV
378 557 412 620 p.
435 535 512 614 592,
534 535 566 600 7.
610 532 672 618 Ep.
688 531 777 611 xvi,
800 521 869 598 296
884 531 1038 631 laudatur
1051 549 1080 594 a
1097 529 1174 596 Plu·

130 623 246 688 tarcho
267 625 309 688 de
330 623 400 690 vita
423 633 456 687 et
476 621 571 706 poesi
590 617 769 686 Homerica
791 639 822 684 c.
844 617 907 682 lV.:
922 609 1021 698 Ιὂιξιον
1047 613 1083 681 δὲ
1104 618 1176 701 μη·-

129 707 166 774 δὲ
183 699 223 778 ,ro
246 698 312 771 ὑπὸ
332 707 391 772 τοῦ
412 695 627 790 Ἀντιπάτρου
655 703 777 804 γραφξν
804 699 998 791 ἐπίγραμμα
1026 700 1176 804 napoli·
1260 709 1275 716 '

129 795 214 872 πεῖν,
235 783 382 874 ἔχον-οὐκ
399 783 544 876 ἀσμένως
556 792 713 875 (sortasse
734 787 906 872 ooiprwgr
929 785 1043 868 ἔχειδὲ
1063 809 1174 862 ουτως,
1224 803 1230 812 ·

100 925 101 935 ¹
130 879 319 966 Sequuntur
339 883 445 946 verba
466 879 718 964 epigrammatis.
753 878 794 942 Gt
818 876 849 942 J.
871 876 1012 941 Vossius
1034 879 1075 942 de
1097 874 1175 958 hist,

130 966 253 1032 Graec.
275 966 299 1030 l.
322 967 364 1030 lll
385 965 463 1032 Ant.
490 966 608 1032 Thess.
635 963 852 1030 hexastichon
880 965 968 1046 apud
994 961 1176 1030 Stobacuiu

71 1077 74 1088 ·
107 1051 513 1137 ·serm.xxxvn,1qui
539 1063 591 1117 cst
618 1054 659 1117 de
682 1050 915 1134 temperantia,
946 1047 1063 1113 haberi
1086 1047 1174 1113 dicit.
1210 1082 1217 1090 .
1285 1067 1294 1076 ·

97 1205 106 1220 Ι
129 1137 215 1204 lllud
235 1148 347 1204 tamen
379 1137 494 1218 (antu.
518 1137 597 1210 Pal,
617 1137 673 1216 lX,
696 1135 754 1222 96)
776 1157 843 1204 nou
866 1135 1008 1218 abipso.
1026 1133 1175 1220 Stobaeo
1290 1145 1298 1154 '

129 1231 308 1303 somatum,
330 1228 392 1290 sed
414 1245 436 1289 a
459 1223 609 1290 Gesnero
637 1224 707 1290 eius
732 1221 898 1306 ‘florilegio
928 1221 1085 1286 insertum
1108 1231 1175 1284 esta

75 1336 99 1400 ἱ·
130 1325 236 1396 quare
253 1310 286 1410 in
306 1313 360 1378 ed.
378 1307 622 1384 ,Gaisiordiana
643 1310 758 1376 merito
781 1311 886 1378 deest.
918 1307 962 1372 V.
979 1305 1078 1372 btv
1099 1304 1177 1392 aeni
1253 1377 1256 1386 ,

72 1451 73 1454 ,
130 1413 350 1482 cooperatae,
840 1415 843 1420 ·
1044 1409 1047 1414 ’

146 1513 147 1518 1
219 1481 327 1546 Tanta
339 1482 517 1566 exiguitate
529 1481 670 1548 eliorum
682 1480 820 1546 fontium
834 1499 934 1566 quim}
949 1497 1058 1564 paene
1074 1477 1177 1542 omnis
1204 1539 1210 1546 .

75 1633 78 1636 .
130 1565 384 1650 Antipatrorum
408 1566 531 1632 notitia
564 1567 672 1632 codici
701 1565 854 1634 Palatino
889 1575 922 1630 et
948 1561 1177 1647 ‘Antholcgiae
1241 1585 1245 1596 ·

95 1729 100 1736 p
131 1649 324 1718 Planudeae
346 1654 521 1730 debeatur,
547 1663 583 1716 ut
604 1654 750 1718 carmina
775 1652 892 1718 iisdem
919 1651 1051 1718 casibus
1073 1661 1200 1734 atque

133 1748 248 1802 cetera
271 1745 347 1821 epp'.
369 1738 494 1806 iactata
514 1749 605 1818 sunt,
632 1739 682 1804 sio
705 1742 847 1805 eandem
864 1738 1094 1804 tractationem
1115 1735 1179 1800 sibi

85 1861 89 1868 ·
132 1823 302 1907 postrdare
324 1836 442 1907 sponte
463 1845 526 1890 sua
543 1824 663 1892 elucet.
707 1824 761 1890 Ac
778 1824 917 1908 primum
935 1825 1077 1910 quidem,
1098 1843 1178 1907 quo-

59 1953 65 1964 ·
132 1909 222 1976 niam
245 1913 356 1976 Const.
381 1909 487 1994 Geph.
509 1907 744 1994 Anthologia'm
771 1929 866 1975 suam
894 1929 936 1971 ex
963 1909 1036 1974 aliis
1065 1927 1179 1970 excer-

133 1995 409 2078 psit,‘tenendum
428 2007 488 2072 est,
512 1997 642 2060 minime
664 1995 774 2060 omnia
792 1992 1038 2076 Antipauornm
1062 1992 1180 2057 carmi-
1289 2032 1297 2042 -

88 2087 93 2102 '
133 2101 179 2145 na
199 2081 294 2146 nobis
317 2101 391 2145 esse
413 2082 545 2147 tradita.
590 2081 813 2156 Quamobrem
831 2089 984 2143 conatum
1003 2078 1073 2142 eius
1083 2078 1180 2144 bonis

24 2237 36 2256 ι
128 2165 251 2230 litteris
280 2167 501 2250 perniciosum
541 2165 770 2252 funestumque
808 2163 909 2230 facile
942 2164 1016 2248 quis
1048 2163 1180 2230 dixerit:

136 2252 190 2318 eui
210 2273 272 2316 nos
293 2253 481 2338 neutiquam
504 2254 716 2344 assentimus,
745 2253 888 2340 quinimo
910 2251 1049 2335 gratiam
1068 2250 1100 2314 ei
1119 2249 1180 2315 ha·

72 2395 74 2402 ,
134 2341 279 2404 bendam
292 2359 366 2404 esse
379 2336 610 2417 existimamus,
634 2341 690 2425 qui
708 2351 757 2406 tot
780 2350 813 2404 ct
832 2350 900 2404 tam
913 2337 1077 2421 egregios
1098 2357 1180 2420 poe·

135 2435 243 2490 tarum
261 2425 467 2492 Graecorum
491 2426 584 2492 lusus
603 2426 863 2508 conservaverit:
888 2423 960 2509 quis
978 2424 1063 2488 enim
1082 2435 1181 2507 spon·

12 2583 16 2592 ξ
137 2513 226 2589 dect,
250 2513 385 2596 absque
400 2512 614 2578 Constantino
637 2510 781 2578 futunrm
803 2511 905 2576 fuisse
927 2521 963 2576 ut
983 2510 1182 2595 amiquiores
1286 2523 1293 2532 ·

136 2595 185 2660 illi
206 2604 239 2660 et
260 2595 428 2676 pleniores
451 2597 598 2664 thesami
617 2600 714 2664 nobis
734 2597 993 2663 recluderentur.
1024 2596 1200 2660 ,Gratiam

135 2679 195 2746 ¹uel
212 2680 388 2746 maximam
409 2702 471 2745 nos
493 2683 525 2746 ei
546 2683 739 2761 habeamus
763 2680 1084 2766 qui-Antipatrorum
1107 2680 1180 2763 plu·

49 2775 53 2782 “
137 2785 193 2842 ra,
225 2785 324 2848 quam
351 2763 489 2832 aliorum
514 2765 747 2852 plerorumque
774 2767 808 2832 in
827 2764 1067 2850 Anthologium
1088 2785 1183 2830 suam

42 2921 47 2930 ‚
137 2849 315 2932 receperit.
360 2850 434 2927 Quo
456 2863 555 2933 paeto
578 2853 678 2917 etiam
699 2852 838 2929 rectius,
867 2871 965 2936 quam
988 2849 1091 2928 alios,
1118 2850 1183 2915 hos

29 2967 38 2978 =
138 2955 343 3020 cognoscere
375 2955 549 3018 possumus
565 2955 568 2962 ·
587 2949 686 3024 atque
726 2938 917 3028 aequiorem
950 2937 1183 3022 iustioremque

11 3081 12 3090 ,
137 3025 181 3088 dc
203 3020 242 3087 iis
260 3016 348 3086 ferre
368 3022 574 3090 sententiam.
628 3023 741 3090 critici
763 3035 873 3092 autem
893 3022 1017 3107 negotii
1039 3020 1181 3090 dillicul·

55 3107 62 3118 '
139 3121 192 3176 tas
214 3129 255 3174 ex
279 3128 322 3182 ea
338 3128 376 3171 re
398 3107 541 3177 maxime
562 3113 744 3195 repetenda
766 3121 826 3189 est,
849 3112 938 3196 quod
958 3113 1183 3176 tantummodo

111 3195 114 3202 ’
140 3215 239 3260 unum
262 3194 412 3260 codicem
433 3194 651 3278 possidemus.
696 3198 728 3261 ls
749 3217 831 3263 sane
851 3196 998 3279 optimae
1016 3205 1068 3262 est
1083 3205 1182 3266 notae

42 3305 44 3309 ’
141 3292 242 3366 atque
264 3291 331 3344 tam
351 3292 508 3346 accurate
528 3281 646 3346 iterum
662 3282 851 3369 iterumque
865 3283 1052 3366 exscriptus
1070 3293 1105 3346 et
1126 3285 1183 3351 dc·

132 3366 292 3449 scriptus,
314 3377 350 3432 ut
369 3365 651 3436 Anausaro.
675 3389 782 3454 aeque
804 3370 890 3434 bene
913 3390 955 3433 ao
974 3367 1060 3434 libro
1083 3389 1181 3434 inser.

20 3489 23 3506 ι
119 3450 216 3538 ‘ipso
238 3451 356 3516 utaris:
377 3464 491 3522 temen
512 3452 650 3520 maculis
667 3475 799 3540 quoque
816 3452 1024 3533 foedissimis,
1047 3475 1184 3540 quarum

79 3535 87 3544 “
141 3538 235 3604 haud
255 3559 384 3621 paucae
407 3538 550 3609 fortasse
571 3561 738 3626 nunquam
748 3539 876 3624 detergi
893 3547 1059 3623 poterunt,
1080 3540 1202 3627 inqui-1

141 3638 267 3708 natus„
284 3623 331 3688 ita
360 3635 395 3688 ut
421 3624 497 3708 ipsa
523 3625 727 3710 Anthologia
757 3629 893 3712 campus
921 3625 963 3690 sit
992 3626 1181 3705 laussimus,
1224 3653 1227 3665 ⁴

143 3732 209 3796 quo
232 3708 372 3776 exsultet
394 3711 523 3790 critica,
558 3733 655 3798 qnam
679 3714 805 3790 dicunt,
830 3711 1041 3792 divinatoris,
1074 3725 1108 3778 et
1128 3714 1183 3778 vel

134 3807 219 3879 ⁴post
246 3806 293 3860 tot
321 3806 548 3884 tantorumque
575 3799 718 3864 virorum
744 3797 886 3882 impetus
916 3798 1018 3866 multa
1048 3810 1182 3877 restent,

144 3882 262 3968 quibus
288 3882 377 3947 vires
405 3884 510 3965 probe
541 3885 689 3950 exerceri
717 3884 855 3968 possint.
900 3883 1078 3952 Codicibns
1097 3884 1182 3950 enirn

134 3978 179 4032 ¹et
200 3967 395 4036 editionibus
406 3965 583 4036 Plauudeis
598 3991 720 4055 inagna
741 3970 922 4050 auctoritas
941 3969 1093 4054 prolecto
1116 3989 1180 4034 non

147 4054 318 4122 tribuendo
341 4066 406 4133 est,
435 4065 610 4142 postquam
631 4057 808 4126 Jacobsius
831 4056 1083 4134 natones-avit,
1112 4055 1195 4122 eius·
