2726 4602
166 511 249 578 Gen.
273 509 297 578 l.
324 505 448 575 Similia
474 507 641 574 sententia
662 509 697 574 in
726 527 779 592 ep.
802 505 959 592 anonymi
978 505 1054 587 vlt,
1086 509 1158 580 137.
1173 509 1209 574 «ii
1266 547 1273 558 ·

165 609 199 664 et
219 597 251 663 6.
275 595 458 661 Bruuolriua
478 593 548 672 vlt
573 595 638 664 136
656 593 794 660 Sidonio
816 594 925 662 dedit.-
1286 609 1299 626 ’·

122 736 127 752 ,
251 681 333 758 Vll,
365 681 437 750 165.
465 679 629 764 Antipatri
649 678 791 758 Sidonii,
818 680 874 745 alii
893 677 1050 748 Archiae.
1094 680 1201 764 Argu·

165 778 312 834 mentum
330 767 420 833 idem
441 779 491 834 est
513 778 611 852 atque
632 766 665 831 in
686 766 759 845 Vll,
778 767 840 836 164
857 765 938 835 Ant.
955 764 1024 834 Sid.
1070 765 1155 833 Gen.
1176 769 1201 833 l.

167 851 338 918 Dialectus
359 853 468 936 opica.
497 850 623 917 Dorica
643 863 719 917 sunt
739 853 850 934 μνᾶμα
872 861 905 915 et
925 837 1024 915 εὖσαε
1047 848 1204 916 Doricum

168 952 203 1005 et
230 938 374 1006 Atticum
403 951 462 1022 est,
480 928 616 1023 πάτρας.
669 937 826 1004 Fortasse
862 941 981 1004 eodem
1013 940 1113 1002 modo
1148 936 1204 1002 hic
1240 967 1246 974 ·

166 1036 341 1127 peccatum
362 1035 423 1102 est,
446 1045 511 1110 quo
533 1025 567 1088 in
582 1023 640 1102 Vl,
660 1023 700 1088 15
715 1035 889 1106 peccatum
911 1044 985 1088 asse
1007 1024 1202 1108 putavimus,

166 1133 188 1179 t
212 1131 243 1179 c.
265 1109 439 1194 Antipatro
461 1131 596 1176 carmen
614 1109 702 1174 male
724 1111 935 1192 adscriptum
1109 1167 1117 1178 ,

253 1196 324 1274 Vll,
342 1202 418 1268 239.
440 1195 617 1279 Antipatri.
633 1195 745 1265 Plau:
767 1195 910 1280 Anytae.
932 1194 1104 1280 Amyntor,
1115 1193 1204 1259 lilius

164 1281 322 1366 Philippi,
359 1302 458 1367 quum
484 1283 616 1349 socituu
646 1282 680 1348 in
711 1302 824 1366 pugna
856 1279 1063 1360 defenderet,
1095 1281 1221 1365 periit.-

78 1427 82 1438 .
166 1367 251 1434 Gen.
283 1372 306 1436 l.
340 1365 515 1434 Dialeotus
542 1368 655 1452 epica,
687 1365 796 1436 sonna
822 1366 949 1434 Dorica
976 1357 1075 1452 ἄγαγε
1091 1367 1202 1432 iuter·
1291 1428 1295 1437 .

188 1455 284 1524 osito.

164 1475 187 1540 p
251 1539 412 1619 vitato.
431 1539 603 1608 Leonidae
623 1551 681 1607 aut
689 1537 863 1623 Antipatri.
886 1539 998 1607 Plauz
1020 1533 1202 1618 Leonidae,

165 1621 239 1694 Ba:
267 1625 372 1694 Leon.
399 1625 626 1693 Alexandrini.
677 1631 713 1692 lu
741 1625 912 1700 Timonem
938 1625 1122 1695 homiuibus
1143 1625 1200 1690 iui-

158 1711 315 1797 micum„
342 1709 426 1779 Gen.
448 1716 502 1781 lli.
531 1711 703 1778 Dialectus
729 1713 836 1796 epioe.
879 1711 954 1782 Jac.
976 1713 1009 1776 iu
1028 1712 1137 1780 Anim.
1161 1711 1200 1779 Τ.

166 1799 194 1858 ll
212 1795 254 1865 Ρ.
278 1800 306 1859 ll
327 1818 362 1881 p.
388 1797 467 1862 106:
499 1797 674 1881 „Elegaus
702 1798 767 1863 ltoo
797 1817 849 1880 ep.
872 1797 936 1872 uisi
955 1797 1119 1882 Antipatri
1141 1808 1200 1874 est,

164 1881 390 1948 Alexandrino
425 1895 515 1948 certe
549 1884 720 1950 Leonidae
753 1881 849 1947 tribui
881 1883 1032 1969 nequit.“
1082 1882 1199 1949 Thess.
1295 1939 1297 1944 .

162 1965 275 2054 Antip.
297 1988 364 2034 nou
383 1970 489 2053 magis
511 1989 597 2046 esse,
619 1990 718 2055 quam
738 1967 835 2032 huius
858 1971 975 2034 oredo:
1002 1989 1069 2034 uon
1090 1980 1201 2036 autent

163 2055 311 2132 dixerim,
333 2067 440 2120 utrum
463 2055 600 2132 Sidonii,
623 2076 666 2120 au
687 2055 792 2122 Leon.
816 2053 984 2120 Tarentini
1004 2055 1057 2124 sit

248 2140 321 2220 Vll,
345 2141 420 2212 ΜΒ.
440 2141 615 2225 Antipatri.
660 2141 906 2219 Hermocraten,
928 2140 1147 2225 tmdetriginta
1161 2139 1200 2204 li·

163 2227 318 2295 berorum
337 2237 453 2305 mater,
475 2249 513 2292 se
533 2226 653 2292 nullius
664 2237 803 2292 mortem
820 2226 942 2292 vidisse
958 2228 1069 2306 iactat,
1091 2247 1200 2292 suam-

210 2333 229 2376 e
252 2311 444 2380 felicitatem
466 2335 540 2378 cum
562 2313 693 2378 Niobae
716 2313 813 2378 clade
835 2313 1009 2397 componit.
1055 2313 1139 2381 Gen.
1160 2315 1199 2382 li.

194 2397 250 2463 ial.
272 2397 389 2482 epicae
409 2397 558 2466 formae:
590 2399 668 2484 μιῆς
699 2397 739 2480 (l
765 2399 815 2464 sic
835 2401 929 2478 cod,
959 2401 1047 2484 qaod
1070 2397 1198 2466 Paulss.

163 2487 277 2559 docet3
308 2483 388 2566 μιᾶς
414 2483 524 2570 lac),
557 2473 741 2563 tolonen,
765 2475 903 2570 γλώσσῃ,
962 2480 1061 2570 Υἱῆας
1087 2489 1201 2549 Ionum

162 2570 304 2636 orationi
324 2569 454 2637 solutae
476 2571 653 2655 proprium.
698 2570 844 2637 Doricae
867 2569 1010 2638 somnae:
1042 2559 1080 2647 ἆ,
1108 2560 1199 2657 ἥβαν,

160 2646 307 2806 ιξῖἆγετο,
338 2651 457 2740 νὶκημι.
510 2646 788 2743 Βαρυπενθὴτους
821 2669 871 2723 est
903 2647 995 2738 ἅπαξ
1025 2643 1199 2742 λεγόμενον.

194 2743 249 2810 ‚t
276 2743 352 2813 Jac.
381 2743 476 2808 vario
503 2746 619 2822 modo,
649 2745 799 2827 proxime
829 2747 873 2810 ad
901 2747 976 2814 cod.
1004 2743 1201 2829 scriptitem

161 2830 305 2896 correxit
324 2831 357 2895 iu
382 2828 424 2898 D.
448 2829 486 2898 ll.
507 2851 569 2914 pro
594 2826 681 2911 ἐμῶν
701 2851 891 2914 proponens
910 2828 1018 2911 lexoiv.

247 2916 312 2994 IX,
339 2921 372 2985 3.
401 2915 582 3000 Antipatri,
612 2916 669 2981 alii
692 2917 851 2982 Platonis.
880 2915 972 2985 Plau.
1002 2925 1082 2983 antt.
1107 2917 1198 2984 edd:

160 2999 336 3086 Stratouia
371 3001 445 3070 Bar
474 3001 632 3071 Platonis.
682 3003 757 3068 Nux
787 3023 892 3087 prope
918 3004 1007 3067 viam
1026 3000 1137 3084 posita
1156 3002 1199 3066 de

110 3165 115 3170 ¹
159 3107 336 3170 puerorum
364 3086 502 3155 iniuriis,
517 3088 741 3174 conqueritur,
769 3090 824 3174 qui
845 3091 951 3173 ipsam
972 3087 1063 3154 saxis
1083 3097 1197 3170 peten-

157 3182 211 3237 tes
232 3169 386 3248 laedant.
438 3173 522 3240 Gon.
547 3178 586 3244 ll.
620 3172 784 3240 (lanieras
811 3197 885 3240 cum
913 3175 989 3243 hoc.
1013 3191 1066 3258 ep.
1090 3173 1206 3242 Ovidii.

159 3259 298 3328 Nucem.
342 3257 515 3324 Dialectus
543 3259 650 3344 epioe.
694 3260 768 3326 Hoc
797 3282 869 3345 ep„
900 3264 929 3326 si
949 3260 1114 3343 Antipatri
1135 3269 1197 3342 est,

158 3343 302 3422 soriam
324 3343 615 3412 Thessaloniceusi
636 3347 905 3427 adscribendum,
937 3347 991 3434 qui
1015 3346 1121 3412 simile
1142 3366 1195 3430 ep.

157 3431 190 3496 iu
211 3430 339 3498 hurum
361 3432 545 3516 composuit
569 3432 626 3512 tx,
648 3435 724 3504 282.
878 3445 882 3452 '

244 3519 305 3596 tx,
331 3523 386 3588 25.
420 3518 594 3584 Leonidae
617 3518 796 3584 Tarentini.
828 3518 898 3588 Pt:
920 3518 1096 3605 Antipatri.
1124 3513 1195 3586 Bnt

156 3601 233 3672 Ant.
257 3603 328 3673 Sid.
373 3608 409 3670 ln
430 3605 524 3670 Arati
542 3603 791 3689 phaenomena..
831 3606 915 3674 Gau.
939 3609 993 3675 111.
1024 3603 1195 3671 Dialectus

158 3689 265 3773 epica.
311 3693 546 3774 Interpretatus
573 3701 625 3758 est
653 3690 719 3756 hoc
750 3711 883 3758 carnion
905 3713 938 3775 p.
960 3691 1097 3756 li-nl
1121 3709 1195 3754 cum

154 3785 295 3924 ffuotttor
317 3775 393 3844 aliis
414 3775 560 3842 Sohulze
578 3775 613 3842 iu
632 3775 765 3856 libello,
797 3798 894 3862 quem
914 3799 1015 3862 supra
1040 3774 1192 3842 iudicavi.

55 3907 60 3918 .
100 3862 103 3868 ’
176 3862 346 3930 acobsium
367 3861 475 3930 ubivis
494 3873 628 3934 secum
649 3874 716 3942 est,
738 3863 801 3930 uisi
821 3867 911 3949 quod
931 3885 963 3930 v.
986 3865 1008 3928 4
1029 3862 1062 3928 iu
1082 3861 1194 3926 verbis

154 3935 317 4031 ἰλλόμενος
344 3937 472 4024 κύκλοις
494 3945 651 4016 Brunckii
677 3949 872 4016 senteutiam
894 3947 1040 4016 Jacobsii
1061 3955 1191 4016 senteu-

154 4033 219 4100 tiae
247 4035 291 4102 ab
318 4035 394 4120 ipso
424 4045 560 4102 auctore
587 4033 684 4103 iol).
709 4035 745 4102 E.
775 4057 842 4102 nou
868 4034 1007 4138 arnplius
1034 4031 1191 4103 defensae
