2726 4602
123 691 129 710 .
197 541 1234 714 trittttttdttttdttttrtttttttlt

197 739 365 788 servasse.
418 718 505 786 Gen.
534 717 570 784 ll.
603 715 776 787 Dialeotus
805 717 919 801 opica,
952 715 1109 814 admixtis!
1132 714 1233 778 tribus

196 805 310 874 formis
331 803 479 882 Dones,
500 825 534 869 v.
556 804 579 870 5
600 799 820 889 κινυρομὲναν,
841 825 873 871 ν.
896 804 919 868 8
940 822 1014 877 cor,
1032 821 1135 886 yoror.
1178 799 1234 864 Aa

196 892 337 960 sormam
360 886 519 971 paludosis
545 892 752 976 probandam
778 888 893 956 laudat
914 887 988 954 lac.
1012 908 1066 972 ep.
1089 888 1121 952 in
1143 884 1232 969 App.

67 975 74 988 ”
127 980 131 990 ’
197 999 273 1080 opp.
296 999 330 1046 u.
352 977 429 1044 910.
473 979 661 1044 Provooare
684 977 782 1042 otium
804 986 935 1060 poterat
955 977 998 1042 ad
1021 974 1131 1040 locum
1155 972 1232 1038 lint.
1269 1005 1272 1012 ·

196 1063 266 1131 Srd.
290 1063 346 1142 Vl,
369 1063 444 1130 160.
470 1065 499 1130 1.

197 1187 201 1196 “
281 1189 352 1272 vn,
379 1191 454 1260 252.
483 1191 656 1275 Antipatri.
703 1194 738 1254 ln
761 1189 853 1254 Planr
876 1179 1056 1256 o'de'ormror
1079 1205 1140 1257 est.
1174 1189 1232 1256 Di-

195 1277 279 1344 citur
298 1277 456 1362 scriptum
478 1277 609 1342 esseio
632 1295 701 1354 eos,
729 1276 783 1362 qui
804 1279 848 1340 ad
870 1275 1010 1342 Thermo
1035 1276 1109 1361 ylas
1132 1297 1231 1342 occu-

194 1367 344 1464 buempt.
387 1361 446 1442 lli,
469 1363 523 1460 qui
543 1373 682 1462 mortem
705 1367 763 1442 (ex‘
779 1361 924 1428 Casanb.
949 1373 981 1426 ct
1024 1383 1076 1428 ac.
1099 1370 1232 1440 senten·

192 1451 239 1516 tia
260 1445 408 1515 o’vorrlror
428 1469 490 1534 pro
513 1444 671 1527 r’romrror)
694 1447 727 1514 in
742 1448 841 1513 armis
862 1461 1063 1528 amaverunt,
1085 1469 1152 1516 non
1176 1469 1231 1515 co·

94 1587 99 1602 .
192 1535 348 1614 lumnam,
366 1537 427 1600 sed
446 1535 552 1620 ipsam
573 1533 734 1612 virtutem,
756 1535 778 1598 i.
797 1555 827 1598 e.
846 1533 971 1599 virtutis
992 1533 1135 1615 laudem,
1158 1535 1230 1634 glo·

192 1624 287 1774 nr:
306 1643 368 1772 n
385 1694 722 1790 ..
754 1621 856 1773 ta·
876 1618 1231 1780 tinemut

192 1788 369 1878 reprobat,
395 1791 546 1876 Lennep.
573 1791 607 1856 in
628 1793 716 1856 Add.
735 1813 770 1874 p.
793 1792 857 1856 937
885 1794 1015 1874 prohat.
1059 1791 1231 1860 Dialectns

192 1879 319 1944 Dorica
337 1889 370 1943 ot
392 1893 472 1962 epp.
500 1875 703 1955 too-273,
733 1897 814 1962 pars
836 1875 990 1942 Coronae
1012 1877 1234 1964 Meleagrtae,

191 1976 361 2034 auctorem
390 1985 467 2028 eum
488 1961 710 2048 Antipatrum,
739 1963 794 2048 qul
820 1966 961 2030 eandem
983 1961 1150 2034 Coronam
1172 1987 1229 2032 ero

191 2052 330 2131 ornavit,-
350 2051 506 2117 indicant.

276 2180 349 2259 Vll,
369 2179 447 2258 409,
465 2176 540 2257 413,
560 2175 626 2248 490
646 2175 799 2260 leguntur
819 2176 854 2242 in
875 2167 984 2242 media
1005 2189 1101 2262 parte
1124 2177 1227 2251 coro·

47 2334 60 2351 ,
191 2287 255 2337 noe
276 2265 501 2350 Meleagdac,
528 2285 604 2349 epp.
626 2261 828 2340 too-529,
860 2272 893 2328 ct
912 2262 946 2328 io
970 2264 1087 2330 codice
1108 2255 1229 2342 nomen

189 2351 356 2437 nndpatn·
388 2348 695 2416 Thessalonicensis
726 2345 911 2430 praefixum
946 2345 1081 2416 habent.
1126 2353 1228 2428 ¹Quos
1288 2395 1293 2412 .

190 2459 264 2516 res,
291 2438 394 2504 virtus
415 2437 549 2521 poetica
568 2446 602 2499 et
624 2433 840 2499 dialectorum
859 2432 945 2500 ratio
965 2433 1106 2515 faciunt,
1133 2450 1168 2504 ut
1188 2439 1227 2510 li-

191 2524 291 2592 brarii
321 2543 436 2590 errore
466 2525 511 2588 ad
541 2520 874 2588 Thessalonicensem
904 2519 1013 2586 relata
1042 2523 1225 2596 videantur.

45 2622 52 2677 ξ
190 2611 256 2676 409
277 2609 310 2674 irr
331 2607 562 2678 Antimachum
587 2605 841 2690 scriptumest,
867 2626 966 2692 quem
986 2619 1089 2692 poeta
1110 2613 1227 2678 eximie

47 2718 52 2779 ς
189 2697 383 2774 immutet,
418 2706 454 2762 ut
483 2695 655 2780 Neptunus
683 2691 753 2756 lovi
781 2699 905 2758 tantum
933 2697 1049 2773 cedat,
1081 2695 1227 2766 Homero

48 3070 52 3087 =
189 3031 275 3122 Vtr‚'
295 3042 361 3114 400
390 3039 565 3123 exscripsit

188 2782 297 2850 solum
323 2779 522 2848 'inferiorem
560 2799 637 2845 esse
681 2778 769 2844 dicit.
837 2777 922 2843 Gen.
958 2781 1009 2844 lll.
1057 2777 1227 2852 Dialectos

190 2870 365 2938 Pindarico
406 2866 558 2933 immixtis
597 2864 711 2932 formis
751 2865 853 2948 epicis
894 2855 974 2940 οὖας
1014 2879 1048 2931 et
1085 2861 1227 2950 ε’Ἇλαχες.

188 2957 376 3024 NT‘T
407 2951 557 3040 'lim’
591 2949 975 3104 tuttrttntrlt
1004 2951 1070 3103 tt
1096 2954 1227 3108 Til·

188 3128 266 3196 413.
298 3125 501 3213 Hipparchin
531 3126 563 3189 in
593 3061 652 3205 eri,
685 3126 774 3211 quod
802 3081 927 3207 &prino
949 3063 1227 3210 diuturniora}

46 3234 51 3245 ·
187 3212 349 3302 gloriatur
375 3224 408 3278 et
435 3233 473 3278 se
503 3223 628 3278 tantum
657 3210 831 3292 Atalanta,
863 3219 1020 3294 quantum
1049 3215 1227 3281 venatione

187 3300 395 3386 sapientiam,
416 3300 577 3384 potiorem
599 3317 674 3363 esse
697 3298 753 3362 ait.
798 3296 883 3361 Gen.
901 3295 955 3360 lll.
977 3297 1136 3364 lonismus
1157 3300 1226 3368 Do-

186 3389 286 3456 rismo
316 3388 437 3454 mixtus
472 3396 536 3456 cst:
565 3387 747 3466 potandum
779 3372 876 3446 ellade
909 3393 943 3447 et
970 3371 1106 3472 κάῤῥων,
1157 3387 1226 3456 lam

51 3538 58 3554 ,
188 3475 337 3561 Cynicae
363 3473 454 3551 laus,
485 3481 645 3556 utsupra
667 3469 740 3549 vll,
768 3469 827 3548 65,
855 3467 1026 3547 Sidonium
1057 3484 1226 3541 auctorem

185 3561 308 3650 prodit.
350 3559 427 3626 493.
450 3557 558 3626 Mater
580 3568 614 3622 ct
634 3557 704 3622 tilia
721 3553 932 3642 ,Corinthiam
954 3555 1035 3620 urbe
1058 3577 1080 3622 a
1102 3557 1225 3628 Roma·
1340 3564 1345 3573 '

187 3649 239 3716 nis
250 3655 450 3731 expugnata,
467 3655 607 3712 mortem
623 3641 843 3710 voluntariam
858 3641 1104 3744 oppetiverunt:
1127 3665 1226 3731 quam

187 3755 265 3800 oum
285 3743 392 3798 mater
404 3729 494 3796 lihae
508 3729 680 3809 attulisset,
701 3730 809 3813 ipsam
824 3745 862 3794 se
879 3727 1055 3795 mterlecit.
1101 3729 1185 3796 Gen.
1198 3733 1223 3797 l.

187 3819 362 3886 Dialeotus
386 3817 573 3884 Pindarico,
601 3803 668 3892 Ἠς
687 3837 721 3882 v.
744 3815 766 3880 7
787 3814 924 3882 verbum
950 3814 1126 3882 Theocrito
1148 3838 1224 3901 pro-

186 3907 307 3994 prium,
359 3903 510 3973 rodiam
531 3903 636 3972 semel
657 3903 689 3968 in
711 3903 790 3969 Aut.
813 3900 884 3967 Sid.
907 3921 984 3987 epp.
1008 3901 1225 3988 deprehendi-

185 4015 276 4074 mus,
307 3927 383 4072 vil,
413 3991 492 4058 497.
521 3990 572 4058 11.
627 3988 805 4058 Corinthus
837 3998 948 4054 aaran
978 3988 1073 4054 huius
1103 4001 1225 4073 poetae

38 4076 45 4121 ²
186 4099 307 4152 eversa
336 4089 403 4148 ectr
438 4095 543 4166 quara
569 4077 669 4146 ctiam
694 4074 782 4148 harro
810 4076 853 4142 ob
888 4093 1042 4146 caussam
1070 4093 1124 4158 ep.
1154 4075 1225 4144 cicc

1052 4175 1093 4240 6·
