2726 4602
589 345 795 446 ...9.ιῆ
841 309 845 314 ’

119 601 140 644 5
219 557 244 622 1.
288 553 345 622 Ea
373 575 480 640 epp„
511 575 614 642 quae
642 553 855 638 Antipatri
883 521 1040 616 Sidonii
1071 565 1163 611 esse
1254 604 1257 614 ,

587 655 792 722 videntur.
1091 661 1094 668 ·

257 809 314 888 Vl,
336 810 412 878 219.
434 809 670 896 Argumentum
678 829 691 871 ι-
711 808 800 875 Nota
819 811 861 875 de
880 805 989 884 Gallo,
1013 803 1130 869 Rheae
1151 803 1205 867 sa·

152 898 318 974 cerdote,
340 894 464 976 fabula,
486 897 543 982 qui
563 896 669 961 leonis
690 895 846 979 impetum
866 891 1012 977 tympani
1027 889 1136 954 sonitu
1154 907 1206 952 re-

170 982 264 1068 pulit,
285 983 428 1047 verbose
447 993 599 1048 narratur
619 993 652 1045 et
672 979 759 1044 haec
775 979 937 1046 sententia
958 976 1124 1044 adiicitur:
1146 993 1204 1038 ne·

170 1069 309 1134 cessitas
321 1067 552 1134 liberationem
563 1067 642 1132 Orci
658 1066 805 1132 invenire
822 1064 944 1132 docuit.
988 1063 1062 1128 Hoc
1072 1073 1208 1126 carmen

168 1153 284 1238 generi
312 1155 460 1218 secundo
493 1153 746 1219 adscribendum
779 1164 840 1218 est.
902 1152 938 1215 ln
967 1152 1109 1215 eandem
1136 1165 1206 1211 rem
1255 1227 1263 1237 .

168 1239 295 1323 scripta
313 1250 388 1305 sunt
408 1237 585 1306 Simonidis
606 1236 669 1316 Vl,
692 1238 772 1315 217,
794 1238 913 1302 Alcaei
934 1237 1016 1314 218,
1039 1232 1207 1319 Dioscori·
1248 1277 1256 1300 .

167 1325 219 1390 dis
240 1324 317 1392 220.
366 1323 453 1389 Rem
480 1327 522 1393 de
553 1324 702 1415 dialectis
733 1323 851 1388 horum
872 1320 1053 1414 carminpm
1073 1321 1120 1384 ita
1136 1329 1206 1384 tra·

168 1411 280 1488 ctabo,
302 1421 419 1475 utnon
435 1429 550 1476 omnes
568 1409 711 1475 cuiusvis
722 1407 855 1474 dialecti
870 1407 997 1473 formas
1010 1405 1206 1480 exscribam,

166 1499 229 1562 sed
255 1494 342 1560 tales
362 1506 503 1576 tantum,
537 1494 655 1583 quales
680 1496 715 1560 in
737 1503 817 1580 epp.'
836 1494 914 1560 Ant.
937 1493 1008 1558 Sid.
1031 1503 1071 1559 et,
1086 1489 1206 1556 Thess.

165 1581 294 1647 tributis
312 1601 380 1646 nou
398 1583 614 1666 reperiantur,
637 1592 670 1646 et
693 1599 763 1660 eas,
787 1583 828 1647 de
852 1580 968 1667 quibus
989 1579 1063 1662 ipse
1082 1576 1206 1662 aliquid

168 1667 314 1733 dicturus
335 1667 406 1744 sim,
428 1677 462 1732 et
482 1679 519 1733 ut
539 1671 582 1733 de
604 1667 747 1734 dialecto
768 1667 868 1732 totius
889 1663 1207 1732 camrinisiudicium

165 1750 302 1818 faciam.
346 1753 383 1818 ln
403 1750 471 1817 hoc
493 1773 546 1837 ep.
564 1757 711 1820 notanda
734 1764 812 1822 stult
833 1745 925 1832 ἅπαξ
946 1739 1115 1836 λεγόμενα,
1135 1748 1207 1814 md

206 1839 346 1922 onaret,
367 1859 401 1904 v.
424 1839 446 1901 7
466 1833 656 1926 ἕπείσθορε,
707 1841 774 1905 uod
793 1838 991 1905 vocabulum
1012 1839 1150 1902 Passov.
1173 1836 1207 1899 iu

96 1983 100 1994 ,
179 1944 234 1990 ex.
256 1924 356 1989 'suum
375 1945 442 1988 non
463 1925 609 2026 recepit,
630 1947 664 1990 v.
685 1863 729 1992 ³3
751 1916 1001 2010 ἐναυλιστὴριον,
1021 1943 1055 1987 v.
1079 1922 1122 1985 14
1142 1910 1208 2006 ἆγ-

164 1998 366 2162 cottn
382 1999 1001 2182 innectentes·
1014 2009 1056 2160 ,ι

581 2138 591 2160 a
904 2143 913 2174 ς
972 2139 982 2160 ο
1199 2144 1208 2162 ι

165 2180 320 2248 (laterum
342 2184 375 2247 iu
396 2193 464 2247 toto
483 2183 633 2248 carmine
661 2183 820 2250 lonismus
841 2203 917 2250 cum
938 2179 1092 2246 Dorismo
1116 2201 1205 2245 com·

34 2331 47 2349 ,
167 2269 287 2332 ιιιίιιιιιι
309 2280 371 2333 est.
992 2289 999 2304 ι

254 2351 311 2434 Vl,
340 2355 415 2424 223.
443 2351 694 2439 Scolopendrae
723 2355 862 2424 frustum
882 2375 906 2420 a
926 2354 1093 2438 piscatore
1114 2352 1207 2417 lnoni

167 2448 202 2503 et
222 2437 416 2506 Palaemoni
438 2441 621 2508 dedicatur.
664 2442 749 2508 Gen.
772 2443 798 2508 1.
822 2439 876 2508 cf.
893 2440 1027 2505 Aelian.
1043 2459 1117 2504 var.
1129 2437 1205 2502 hist.

164 2523 250 2604 Xfflr
279 2526 333 2597 23.
377 2526 500 2593 Similis
520 2529 703 2613 argumenti
724 2539 776 2594 est
798 2549 853 2614 ep.
875 2525 937 2603 Vl,
964 2526 1027 2590 222
1050 2524 1204 2590 Theodo-

165 2611 271 2676 ridae.
315 2610 487 2679 Dialectus
509 2615 616 2698 epica.
640 2613 683 2680 V.
708 2615 725 2680 l
749 2609 984 2699 σκολοπένδρης
1006 2612 1082 2676 cod.
1101 2609 1216 2692 suta,

165 2717 253 2783 -ρας
263 2695 318 2763 Βι.
330 2699 415 2778 Jac.‚
438 2703 527 2785 quod
548 2719 587 2766 se
607 2711 736 2768 mutare
756 2700 945 2785 neglexisse
968 2698 1014 2765 ait
1029 2697 1062 2763 in
1077 2695 1203 2764 Comm.

165 2785 237 2850 crit.
285 2785 335 2850 lta
358 2807 400 2850 ue
434 2786 533 2852 etiam
564 2787 598 2852 in
630 2785 674 2852 D.
708 2787 748 2852 Ε.
781 2788 992 2852 scribendum
1025 2794 1076 2848 est
1108 2785 1205 2869 -ρηέ,

161 2859 280 2950 ’Ἀπιιξ
301 2807 455 3023 λξὶόμενα
480 2884 556 2938 sunt
581 2895 614 2940 v.
639 2874 656 2937 l
680 2861 921 2958 ἆμφίκλαστον,
948 2873 971 2935 '2
994 2859 1207 2956 εὖφαμᾰθου,

162 2955 320 3044 lippiunt
356 2948 572 3046 ,Ὶήέρτησι
620 2957 665 3024 V.
684 2960 707 3024 5
728 2960 761 3024 in
780 2960 823 3023 A.
844 2961 881 3025 Ρ.
906 2958 993 3022 etin
1015 2955 1059 3020 l).
1081 2956 1121 3020 E.
1167 2977 1205 3020 ro

160 3029 326 3122 Ἑρμῶναξ
356 3045 466 3110 scribe
485 3036 654 3130 Ἑρμῶναξ
679 3041 765 3114 ειν.
788 3046 811 3109 6
831 3047 866 3110 in
887 3043 931 3108 D.
953 3042 992 3107 E.
1014 3063 1077 3126 pro
1096 2977 1205 3106 acfo'-

126 3151 131 3158 ·
161 3145 240 3210 aava
260 3116 426 3229 πελᾶχευς.
469 3129 513 3230 ιζ.
539 3135 560 3199 3
581 3131 633 3196 sic
654 3130 795 3282 ponpam
817 3141 885 3197 est:
1026 3203 1036 3230 ‚

155 3239 168 3252 ’
261 3211 395 3281 dccccxc
412 3235 469 3280 rra
548 3237 624 3317 utor²
645 3237 716 3282 vna
751 3212 991 3304 πεφορημένον
1012 3211 1117 3299 appol.

164 3297 250 3366 Vide
272 3311 353 3386 quot
371 3302 479 3368 modis
500 3304 509 3320 ⁰
535 3307 580 3369 ud
601 3299 686 3367 υπαί
712 3303 1072 3386 viridocticorrigere
1095 3299 1204 3364 conati
1246 3297 1249 3304 '

161 3385 237 3465 sint,
258 3389 349 3471 apud
368 3387 445 3454 Jac.
466 3389 500 3452 iu
522 3389 631 3455 Anim.
656 3402 689 3455 et
710 3390 798 3457 Add.
823 3393 866 3456 ad
890 3391 932 3452 A.
947 3390 999 3467 1..,
1020 3387 1057 3450 in
1076 3383 1203 3451 Corum.

163 3471 236 3541 crit.
258 3483 293 3540 ct
312 3471 401 3540 Add.
424 3478 469 3541 ad
489 3474 533 3540 A.
558 3477 594 3541 Ρ.
645 3475 728 3540 Mihi
755 3477 879 3542 codicis
906 3476 1069 3558 scriptura
1097 3473 1203 3538 sanis·

162 3557 249 3624 sima
269 3579 345 3626 esse
366 3561 505 3627 videtur.
555 3561 588 3627 A
610 3563 781 3646 =superiore
805 3564 891 3627 enim
912 3571 1008 3644 parte
1029 3559 1204 3644 scolopen-

164 3643 246 3710 drae
265 3645 367 3712 muris
389 3659 484 3711 aestu
502 3651 545 3712 ad
566 3647 655 3714 lituis
677 3650 805 3715 eiectae
826 3659 860 3714 et
882 3667 1000 3732 spuma
1022 3645 1123 3712 facile
1146 3648 1202 3710 de·

163 3728 307 3796 fluxerat
328 3743 361 3796 et
380 3733 554 3817 expeditus
575 3735 665 3799 aeris
687 3752 845 3800 accessus
868 3751 945 3799 eam
960 3755 1037 3799 mox
1054 3732 1202 3797 exsicco·

163 3828 275 3882 verat:
303 3807 404 3895 ὑπαὶ,
431 3817 517 3883 mssa
545 3831 655 3886 autem
675 3822 789 3898 etiarn,
818 3843 916 3906 quum
934 3821 1080 3905 piscator
1101 3819 1201 3882 adve-

161 3902 280 3982 nisset,
310 3915 462 3988 spumata
485 3917 568 3970 erat.
621 3907 706 3992 Epp.
729 3907 915 3972 all-226
935 3917 1105 3991 poetarum
1127 3913 1202 3966 sunt

162 4009 183 4052 e
212 3988 347 4056 Coram
373 3989 551 4076 Meleagri,
580 3993 645 4058 219
667 4006 701 4059 et
720 3995 784 4066 293
813 3996 900 4059 nudo
934 3992 1108 4074 Antipatro
1143 3990 1201 4052 ad·

163 4077 303 4162 scriptu
331 4097 398 4166 qua
420 4080 462 4148 de
484 4097 606 4146 cauma
626 4089 798 4168 utrumque
819 4079 946 4146 Sidonii
967 4097 1042 4144 esse
1064 4075 1201 4140 videtur.

815 4225 821 4238 .
1053 4177 1075 4242 6
