2726 4602
561 373 675 386 m·
681 371 767 384 0⁴—-

682 407 687 415 l

626 433 629 444 t

148 488 304 578 praefert
339 491 516 577 Triplioem
532 492 833 576 interpretationem
846 488 1016 571 metricam
1023 499 1060 554 et
1079 507 1181 575 qnae·
1205 568 1210 580 .

132 580 225 644 »dam
252 580 294 644 de
321 578 425 646 Arato
455 579 592 658 adiecit,
623 578 742 644 multos
768 576 864 644 loeas
890 576 976 643 loeis
1002 575 1100 640 hotius
1113 583 1181 658 ep.

147 663 271 732 similes
293 663 443 750 collegit:
467 687 604 754 quorum
624 664 679 730 hie
700 683 782 730 sane
804 666 848 730 ad
863 660 1002 728 aenm'ea
1017 660 1181 745 epigram-

148 749 301 818 maticum
327 749 552 818 illustrandum
587 754 673 818 bene
708 750 873 817 adhibitus
903 759 956 814 est
986 751 1076 831 epod
1106 745 1182 814 cic.

149 836 249 903 Tuae.
270 839 293 912 l,
310 837 368 901 25:
391 859 558 925 „qaorum
571 841 769 922 (asnorum)
795 834 1030 902 conversiones
1049 851 1182 900 omnes·

149 943 214 1008 que
234 932 340 988 molus
362 925 417 1009 qni
437 925 537 1002 vidit²
560 924 597 988 is.
611 922 738 1002 doeuit,
764 922 903 988 similem
925 921 1184 988 aninumsuam
1249 935 1279 1006 ’ἱ

151 1007 236 1080 eius
256 1029 337 1072 esse
380 1009 436 1094 qni
468 1031 511 1076 ea
542 999 723 1075 fabricatus
756 1013 846 1074 esset
874 1007 909 1072 in
939 1006 1052 1073 coelo..
1098 1005 1186 1069 Nam
1230 1085 1234 1090 .

150 1114 247 1179 quum
269 1053 485 1162 Archimedes
505 1096 615 1174 lunae,
640 1095 732 1173 solis,
754 1095 896 1180 quinque
919 1091 1096 1160 errantium
1112 1109 1186 1154 *mo-

150 1191 206 1244 tus
223 1180 255 1244 in
275 1180 452 1263 sphaeram
472 1182 622 1268 illigavit,
649 1181 758 1247 effecit
779 1181 878 1258 idem,
901 1182 989 1265 quod
1011 1177 1069 1242 ille
1091 1211 1132 1224 -
1144 1209 1204 1248 ·-.

34 1305 44 1364 ‚⁸
151 1264 301 1338 Platonis
319 1267 441 1338 deus.“

54 1421 60 1434 .
229 1369 295 1447 ΧΙΧ,
318 1369 565 1455 ratispone.
599 1369 783 1436 Mercurius
795 1362 986 1455 pastoribus
1002 1376 1187 1448 temperem
1213 1376 1218 1385 ⁸

68 1468 71 1476 ’
151 1454 232 1518 tiam
256 1475 349 1522 suam
377 1455 507 1535 laudet,
544 1477 642 1542 quum
676 1469 791 1522 eontra
819 1453 980 1519 Hercules
1007 1453 1041 1516 in
1069 1451 1188 1515 eadem

152 1559 215 1604 are
234 1543 361 1624 positis
383 1561 483 1626 agros
504 1541 696 1626 haedosque
719 1543 781 1607 sibi
801 1549 973 1624 exposcat.
1020 1537 1105 1604 Gen.
1129 1533 1186 1602 lv.
1294 1582 1297 1588 .

28 1633 31 1639 ”
105 1628 133 1652 ‘
154 1625 299 1727 imitatus
320 1639 372 1692 est
393 1638 493 1711 poeta
513 1629 620 1696 Leon.
645 1627 722 1696 Tar.
747 1627 902 1706 1x‚·3ls.
925 1625 1013 1693 Dial.
1037 1623 1144 1706 epioe.

241 1730 318 1808 ΙΧ,Ι
338 1729 391 1794 76.
423 1728 596 1815 Antipatri.
652 1729 780 1826 Fabula
804 1733 845 1800 de
873 1728 1000 1803 merula
1020 1745 1086 1792 ania
1117 1743 1192 1790 eum

155 1819 249 1881 turdo
275 1814 403 1904 laqueis
430 1828 545 1900 capta,
578 1835 715 1904 quorum
739 1816 794 1880 hie
815 1826 977 1896 retentus,
1009 1813 1082 1892 illo,
1114 1809 1193 1896 quia

41 1919 44 1928 ¹
155 1921 260 1985 gentes
281 1912 450 1967 centorum
469 1922 617 1982 sacrum,
645 1900 817 1967 incolumis
841 1901 975 1966 dimissa
998 1909 1058 1974 est.
1105 1899 1190 1962 Gen.

158 1991 199 2055 ll.
221 1985 364 2052 Archias
386 1987 450 2066 lX,
474 1991 554 2066 343,
577 2000 612 2053 ut
632 1989 770 2066 videtur,
792 1988 858 2053 hoe
880 2007 932 2071 ep.
955 1987 1111 2051 imitando
1134 2003 1191 2046 ex·
1226 2011 1233 2018 ·

156 2074 276 2155 pressit
293 2085 325 2136 et
346 2073 439 2142 Paul.
453 2071 568 2141 Silent.
585 2075 644 2153 IX,
671 2071 747 2143 396.
791 2071 963 2142 Dialeetus
982 2071 1122 2148 Dorice,
1146 2069 1193 2132 in-

155 2160 244 2222 ieota
266 2157 372 2223 forma
395 2160 491 2244 epiea
511 2156 661 2246 μεθέηκε.
705 2159 860 2226 Fortasse
873 2157 999 2226 Sidonii
1014 2169 1075 2236 est,
1096 2175 1193 2265 qoem

20 2271 25 2281 1
159 2245 258 2310 etiam
280 2243 463 2312 Branekius
487 2257 656 2313 auctorem
676 2245 798 2321 hebuit.

119 2397 122 2406 Α
244 2349 301 2428 ΙΧ,
324 2349 377 2414 77.
405 2347 569 2434 Antipatri
588 2348 904 2418 Tbessalonieensis.
931 2346 1045 2416 Plan:
1068 2345 1195 2412 Aristo·

64 2511 71 2526 „
157 2436 208 2501 nis
241 2434 297 2500 vel
329 2433 547 2506 Hermiodom'.
581 2437 804 2504 Hermodorus
838 2444 940 2522 poeta
970 2431 1195 2516 Anthologiae
1262 2482 1265 2488 .

161 2535 221 2591 est.
266 2526 346 2588 luno
375 2523 461 2589 lovis
482 2535 523 2589 ¹et
552 2522 755 2609 Ganymedis
785 2521 952 2589 amoribus
980 2523 1023 2588 ad
1044 2521 1127 2587 irem
1148 2518 1196 2582 in·

161 2628 263 2674 censa
284 2608 403 2674 Troiae
424 2609 552 2676 ruinam
573 2611 724 2682 minatur.
771 2609 854 2682 Gen.
880 2612 904 2679 1.
934 2605 1104 2674 Dialeetus
1120 2601 1196 2669 Do·

160 2695 232 2761 rica
252 2693 396 2773 Pindari,
417 2695 571 2781 neglecto
593 2697 748 2762 Dorismo
771 2697 804 2760 in
826 2689 954 2777 ἔχουσα.

246 2797 311 2875 ΙΧ,
345 2798 417 2867 lte.
451 2799 625 2884 Antipatri.
669 2798 784 2864 Venus
805 2799 934 2864 marino
964 2808 998 2860 et
1028 2794 1136 2860 nautis
1165 2803 1198 2856 et

161 2883 347 2953 amentibus
363 2906 459 2970 opem
475 2885 650 2971 pollieetru·
667 2905 772 2958 suam.
819 2883 904 2951 Gen.
917 2885 961 2952 ll.·
998 2881 1198 2964 Expressunr
1224 2897 1229 2904 ·

136 2971 140 2980 ’
163 2981 214 3036 est
242 2993 285 3036 ex
311 2970 411 3056 Anyt.
435 2973 498 3052 lX,
529 2975 603 3042 144.
632 2971 805 3038 Dialeetus
831 2970 938 3056 epioe.
968 2967 1110 3036 Brnnek.
1133 2963 1199 3030 hoe

160 3078 217 3152 rep.
241 3057 377 3125 Sidonio
401 3059 510 3130 dedit.=
551 3097 559 3104 -
1081 3136 1083 3140 ¹
1186 3087 1188 3092 ·

249 3161 312 3240 IX,
344 3165 405 3236 149
427 3177 459 3230 et
483 3169 543 3233 ¹50
572 3163 697 3230 eodieis
718 3160 902 3227 testimonio
930 3158 1078 3224 eiusdem
1105 3153 1199 3218 Anti·

163 3246 251 3332 petri
269 3260 354 3316 sunt.
400 3250 473 3320 149.
504 3252 637 3329 Pastor,
667 3249 763 3314 unias
794 3246 867 3314 ovis
886 3244 1047 3330 utriusque
1072 3261 1200 3306 veooae
1281 3271 1285 3282 ·

164 3353 356 3416 possessor,
383 3357 480 3422 quum
506 3336 600 3403 illam
626 3337 724 3421 lupus
751 3334 932 3417 rapuisset,
963 3330 1050 3394 haee
1077 3325 1201 3392 infelici

164 3430 261 3571 Fortu
281 3421 442 3504 periisset,
465 3423 642 3508 suspendio
669 3423 771 3487 vitam
799 3419 911 3487 linivit.
957 3416 1042 3483 Gen.
1066 3419 1090 3481 l.
1120 3411 1229 3502 1114·1

180 3515 273 3572 eetus
296 3508 401 3591 opica
445 3509 489 3578 V.
513 3517 531 3578 1
556 3520 589 3574 et
610 3509 630 3571 2
652 3508 701 3572 sio
721 3507 755 3572 in
777 3506 894 3572 codiee
912 3503 1028 3588 scripti
1047 3509 1138 3566 sunta

251 3582 337 3673 εἶχεν
354 3581 560 3682 Ἀριστείδης
577 3587 595 3660 ὁ
616 3591 791 3682 Βοκὲῥριος
811 3581 869 3656 οὐκ
890 3578 959 3656 ἀπὸ
978 3585 1107 3652 πολλῶν

339 3671 453 3762 πολλά,
472 3685 549 3769 μιῆς
569 3673 603 3747 δ’
623 3671 693 3756 ὄϊος
714 3678 766 3744 nol
787 3668 864 3761 βοὸς
883 3667 1067 3761 εὖπορίηνρ

167 3765 296 3834 Gaison·
316 3767 359 3835 D.
383 3767 420 3837 F..
443 3773 608 3836 seemrdns
628 3791 662 3852 p.
684 3765 746 3832 58:
772 3765 875 3851 „quid
896 3755 1135 3847 sitBotidn‘tws
1156 3756 1203 3821 di·

168 3861 222 3918 em
244 3852 389 3938 difficile.
434 3861 470 3921 ln
490 3856 640 3944 sequenti
665 3852 824 3931 amimae,
856 3853 944 3937 qaod
959 3849 1036 3948 ²sive
1061 3867 1105 3910 ex
1126 3844 1203 3939 Ιιοοἶ

167 3939 239 4004 sive
267 3941 332 4006 hoo
361 3941 481 4008 exilio
511 3961 703 4026 expressam
724 3950 792 4017 est,
820 3937 940 4021 legitur
967 3928 1205 4029 Aptorsidpoo
1311 3989 1318 4004 ,

170 4015 326 4112 mixtis.
387 4028 459 4096 lae.
493 4029 597 4096 latere
631 4037 723 4112 putat
754 4033 874 4091 nomen
907 4020 1043 4105 geritile,
1074 4027 1206 4102 paterni
