2726 4602
569 291 774 392 ..H-L

152 501 395 568 movimur.
447 502 1234 589 lamllrnnek'na‹lepraritatelennatio¹

150 609 216 653 non
238 585 336 652 aliter
356 587 472 653 senat.

237 687 310 767 Vll,
331 689 395 753 711
416 691 593 776 Antipatri.
638 690 807 796 Clinmeta
827 693 911 756 inter
930 692 1039 776 ipsum
1059 693 1190 775 nuptia·

149 781 580 945 ffilpssffillff
590 777 1043 948 1111111818
1059 776 1193 928 iffi

151 948 346 1012 imitatorem
367 944 538 1014 Sidonium
557 951 719 1015 novimus.
765 951 851 1015 Gen.
870 951 895 1013 l.
918 947 1090 1013 Dialeetea
1110 949 1190 1012 Pin·

63 1026 78 1043 ''
151 1033 283 1132 darien,
315 1032 469 1116 neglecto
497 1034 651 1118 Doriumo
680 1037 715 1102 in
747 1025 973 1122 ἄφαζντάξασα
1005 1047 1039 1098 et
1064 1025 1194 1101 Ἀΐδαν.

95 1137 103 1146 ·
149 1123 279 1204 lleurpc
308 1131 401 1183 reete
432 1125 626 1188 emendasse
657 1123 788 1188 videtur
817 1123 892 1187 Jao.
924 1121 1014 1184 Nota
1040 1116 1191 1186 πίτνοντα

151 1203 308 1270 Carmina
328 1205 510 1272 rer—726
532 1229 551 1273 e
574 1208 708 1274 Corona
730 1208 894 1292 Meleagri
916 1217 1076 1288 excerpta
1096 1217 1191 1272 sunt:

149 1290 311 1377 praebent
333 1291 419 1358 enim
439 1305 574 1376 praeter
595 1306 713 1378 poetas
734 1297 778 1359 ab
799 1295 873 1378 ipso
890 1292 1065 1376 Meleagro
1087 1293 1191 1356 nomi·

150 1387 248 1442 natos
269 1395 346 1462 epp.
369 1397 551 1464 anonyma,
583 1379 778 1464 Dionysium
799 1379 965 1446 Rhodium
985 1399 1121 1462 prorsus
1142 1378 1191 1441 in-

152 1474 278 1530 certum
305 1463 416 1552 itaque
443 1468 629 1532 sententiae
656 1465 705 1530 illi
729 1487 797 1530 non
824 1466 1049 1550 relragantem
1070 1475 1103 1529 et
1125 1467 1191 1530 duo

48 1587 52 1596 ·
152 1569 230 1703 epp.
254 1550 431 1700 Antipptteri.
474 1552 581 1704 Rapta
600 1552 698 1637 igitur
715 1550 783 1616 hoo
800 1549 937 1618 Sidonio
962 1551 1093 1616 dedisse
1114 1549 1194 1615 mihi

148 1655 182 1702 vt
207 1655 278 1699 eor.
401 1657 515 1702 rmne

160 1763 164 1770 ·
239 1737 319 1817 vu,
349 1740 425 1809 713.
455 1739 592 1820 Erinna,
620 1760 807 1827 quanquam
837 1757 1020 1822 paucorum
1038 1758 1195 1802 veranum

151 1835 283 1903 auctor,
313 1835 441 1906 tamen,
470 1828 547 1913 quia
568 1825 701 1892 Musam
729 1826 872 1902 habent,
897 1823 1092 1888 immortalis
1111 1843 1195 1908 prae

151 1909 276 1978 infinita
297 1913 477 1979 recentium
498 1924 671 1998 poetarum
692 1910 896 1977 multitudine
902 1953 913 1988 ‚
941 1909 1047 1994 iisque
1067 1919 1193 1975 tantum

150 1995 391 2084 praeferenda,
419 2009 574 2084 qoanmm
594 2017 637 2082 ey
683 1997 691 2014 '
715 2008 832 2062 cantus
853 1995 1064 2081 graculorum
1085 1996 1191 2060 orooi·

119 2152 123 2168 ,
151 2082 209 2150 tui.
241 2081 326 2148 Gen.
338 2081 386 2147 lll.
409 2083 635 2169 Aeelepiadae
736 2083 776 2148 ll
793 2082 1036 2149 obversabatur
1055 2093 1191 2165 poetae.

151 2166 242 2234 Dial.
266 2167 380 2251 epiea:
408 2189 475 2235 una
495 2182 607 2235 tamen
629 2167 737 2234 forma
757 2166 893 2247 Dorica,
914 2155 1079 2270 Morinos..
1105 2169 1194 2233 Nota

151 2250 315 2340 λωΐτερος,
337 2243 524 2338 νιδνοὶμενος
538 2267 571 2322 et
584 2247 675 2334 ἅπαξ
692 2249 858 2340 λεγόμενον
878 2273 1076 2341 πανροεπης.
1111 2253 1194 2320 Car·
1319 2299 1326 2312 .

128 2341 249 2493 „ppinip
269 2339 437 2443 elegantia
458 2355 491 2409 et
513 2341 741 2426 Asclepiadae
762 2341 905 2407 imitatio
929 2341 1030 2408 etiam
1052 2362 1074 2407 a
1095 2341 1194 2408 Sido·

185 2450 206 2493 ο
244 2439 368 2493 aorunt.

237 2529 300 2610 lx,
326 2529 370 2596 118
394 2529 570 2614 Antipatri.
615 2528 769 2598 Dianium
787 2527 967 2614 Ephesium
990 2528 1110 2593 ceteris
1132 2549 1194 2594 sex

152 2616 263 2682 mundi
285 2615 450 2682 miraculis
472 2619 697 2700 praeponitur.
743 2617 828 2683 Gen.
850 2612 899 2680 lll.
932 2613 1103 2682 Dialeetus
1125 2614 1194 2681 Do·

152 2703 222 2768 rien
244 2699 387 2780 Pindari,
410 2703 496 2768 crasi
518 2702 684 2768 Theocriti
705 2693 814 2790 κήνίδε
835 2703 960 2766 iniecta
983 2712 1015 2766 et
1038 2697 1191 2767 Dorismo

152 2787 305 2872 neglecto
328 2788 360 2852 in
382 2779 630 2874 κανηυγασοέμην
653 2801 751 2876 atque
773 2777 954 2876 ἠμαύρωοο.
998 2787 1195 2853 varmu-

152 2871 271 2938 σωλοῖο
298 2871 373 2954 lae.
404 2895 478 2940 oum
504 2872 591 2958 plur.
622 2879 696 2941 edd.
719 2886 799 2949 vett.
831 2886 863 2940 et
891 2877 966 2940 cod.
995 2863 1195 2940 Μαυσώλοιο

91 3023 99 3042 ,
153 2958 269 3047 Steph.
294 2960 438 3026 anok.
469 2959 543 3026 Jao.
567 2960 599 3024 in
623 2959 749 3027 Comm.
763 2962 834 3026 orit.
860 2961 1009 3027 diversas
1031 2981 1194 3045 gramma·

153 3047 290 3114 tieorum
318 3047 497 3114 sententias
526 3045 633 3114 affert.
683 3047 743 3112 His
766 3051 853 3114 addo
885 3047 1070 3131 gravissimi
1090 3050 1125 3112 in
1145 3047 1197 3113 his
1281 3085 1289 3096 -

153 3137 252 3200 rebus
276 3133 506 3212 testimonium,
558 3131 682 3202 Aroad.
707 3137 748 3200 ‹le
772 3147 902 3199 aooent.
925 3155 959 3217 p.
983 3135 1049 3198 572·
1076 3125 1119 3197 τοὶ
1140 3125 1196 3199 dtu?

151 3219 209 3284 τοῦ
228 3217 309 3294 color
335 3217 487 3322 pelopen}
518 3205 601 3306 ὑπὲρ
627 3207 685 3285 δύο
712 3209 877 3304 συλλαβάς
903 3210 1196 3326 προπαροξύνεται,

151 3296 182 3370 ei
203 3295 248 3392 μή
271 3299 340 3386 ἔχοι
360 3325 424 3412 rupo
447 3301 506 3370 τοῦ
525 3326 552 3368 ω
575 3296 634 3370 δύο
656 3296 815 3392 σύμφωνα
839 3295 908 3369 κατ’
928 3295 1122 3393 επιπλοκήν,
1151 3295 1197 3370 ὦν

152 3379 190 3456 τὸ
212 3379 367 3478 δεύτερόν
381 3407 454 3457 εστι
475 3411 504 3470 τ,
533 3379 602 3456 οἷον
624 3387 773 3476 alueolos,
801 3381 992 3478 εὕρύσωλος,
1014 3380 1196 3478 φάσκωλος,

35 3527 43 3542 .
153 3467 171 3542 ri
197 3463 377 3552 ottonom
426 3479 524 3544 Nom.
544 3489 657 3564 propr.
681 3479 897 3546 accentuatio·
909 3502 1008 3566 quum
1030 3481 1197 3545 contraria

154 3563 195 3630 ult
221 3563 463 3631 aoeentuatloni
496 3585 584 3630 norn.
609 3563 733 3651 appell.
766 3577 799 3630 et
825 3566 964 3646 adieet,
994 3565 1197 3632 Μαυσωλοῖο

153 3659 268 3716 vorum
290 3648 428 3716 videtur.
475 3647 517 3715 V.
541 3651 562 3716 7
585 3663 619 3717 et
639 3653 661 3717 8
683 3653 732 3717 sio
754 3653 787 3716 in
809 3655 884 3720 eod.
907 3651 1074 3736 leguntur:
1132 3729 1136 3742 ·

241 3753 329 3818 κεῖνα
345 3749 403 3834 μὲν
425 3741 513 3838 η’μαῦ
534 3773 597 3818 uuo
619 3751 656 3819 δὲ
677 3741 784 3859 affecte
804 3743 917 3842 νόσφιν
936 3742 1097 3837 Ὀλύμπου

325 3825 443 3912 “Alme
464 3774 560 3906 orfeu
580 3858 634 3902 πω
655 3861 743 3906 rotor
764 3835 983 3928 ἐπαογοέσατο.

158 3937 267 4010 Variis
296 3941 493 4011 coniecturis
521 3941 617 4020 lae,
652 3942 849 4024 Weiehem„
884 3945 1023 4010 Passov.
1046 3943 1079 4008 in
1101 3942 1199 4009 Jalrn.

158 4027 267 4094 mel.
294 4025 379 4094 1828
400 4031 413 4090 l
436 4048 468 4112 p.
492 4028 535 4094 48
558 4027 785 4118 BentleJ'anam
807 4027 842 4094 el
864 4032 955 4096 κεῖνα
976 4026 1032 4109 δέ,·
1062 4039 1199 4114 antepo-
