2726 4602
152 498 249 562 ‘enin
270 496 410 569 nominis
438 497 780 564 oommemorotionem
801 495 883 562 nihil
907 492 1023 560 saoero
1045 491 1089 556 ad
1109 488 1198 554 hano

164 582 343 658 historiam.
400 581 454 648 De
474 582 605 654 nomine
637 582 771 669 gentili,
805 583 914 649 audio.
963 577 1016 643 De
1047 585 1198 677 paterno,

163 669 229 736 hoo
249 669 444 736 nonsernel
463 681 633 754 apponunt
658 669 838 736 istiusmodi
863 677 1003 754 poetae,
1033 661 1133 762 variis
1154 659 1198 726 do
1276 687 1288 760 Ι·

164 756 302 824 eanum.
345 755 436 822 ane
469 756 503 820 in
533 754 630 824 huius
657 755 759 824 Antlt.
786 777 817 824 e.
845 755 894 820 tx
913 775 946 821 n.
974 751 1018 816 54
1045 749 1198 833 Θηρωνο

164 837 370 906 metaneae
397 842 587 908 ‘Assentim
649 845 828 931 Postquam
863 841 981 908 deinde
1008 831 1198 906 Booerrium
1259 853 1264 875 ¹

164 927 277 992 valere
302 931 408 994 stab
438 927 512 994 aliis
539 929 695 994 auxilium
722 940 838 1014 potera
860 927 969 1014 jussit,
996 924 1044 988 ita
1072 927 1197 1005 persta

164 1016 445 1093 „saoobotamem
488 1025 621 1081 nantum
633 1016 767 1099 possim.
802 1013 890 1079 Dioo
913 1013 1008 1090 enim,
1028 1022 1198 1078 nonreoto
1331 1043 1360 1078 f.

120 1114 123 1122 ·
162 1119 201 1164 so
220 1099 349 1166 hebere
368 1102 448 1166 ista:
522 1101 635 1168 'stides
656 1101 790 1168 maltum
814 1099 929 1165 habuit
950 1120 970 1168 e
990 1117 1057 1163 non
1078 1095 1197 1178 moltis,
1236 1109 1241 1118 '

161 1188 222 1251 sod
245 1185 376 1252 divitias
397 1187 492 1254 unios
514 1187 587 1254 ovis
607 1199 641 1252 et
661 1189 766 1254 bovis.
810 1188 847 1252 in
870 1186 1010 1251 Graecis
1035 1180 1072 1249 δέ
1093 1204 1197 1269 oppo-

70 1347 73 1355 ,
161 1271 246 1336 nitar
263 1273 383 1352 ,verbis
408 1263 468 1338 οὐκ
494 1262 561 1338 ἀπὸ
587 1270 726 1343 πολλῶν.
787 1273 876 1357 litgo
903 1272 1080 1356 legendum
1109 1281 1199 1336 esset

125 1359 718 1531 9....
884 1344 1199 1526 'tin

128 1539 131 1548 '
157 1532 264 1606 rerba
284 1531 448 1614 Antipatri
468 1529 556 1596 huno
574 1533 609 1598 in
628 1536 761 1599 modum
781 1532 933 1598 videntur
952 1530 1198 1614 interpretanda

161 1635 254 1682 esse:
276 1615 437 1683 Aristides
458 1617 604 1684 habebat
623 1639 708 1684 non:
730 1639 750 1683 a
772 1618 881 1716 moltis
901 1616 1015 1694 multa,
1036 1617 1096 1680 sed
1119 1635 1197 1698 pos·

159 1701 343 1768 sessionem
364 1704 458 1770 unius
480 1705 553 1770 ovis
575 1704 742 1781 rethoris,
770 1704 804 1768 in
832 1724 899 1790 qua
925 1715 1035 1768 tamen
1065 1701 1198 1788 aequie-

160 1789 289 1856 soebnt.
335 1788 488 1857 Ceterum
510 1789 819 1858 Thessalonicensis
838 1810 913 1854 esso
932 1809 985 1871 ep.
1005 1788 1143 1856 videtur.
1157 1823 1199 1838 -

162 1874 236 1974 15²0.
270 1873 344 1938 Hoc
374 1895 428 1959 ep.
452 1875 501 1939 bis
528 1877 559 1940 io
588 1880 664 1943 ood.
694 1875 873 1958 repetitur,
903 1874 1010 1939 altero
1036 1873 1116 1938 ioco
1140 1867 1217 1938 τοῦ·

159 1960 276 2035 αυτοῦ,
305 1960 882 2045 aiteroPhii'ihess.insoriptun1.
928 1959 991 2025 sto
1013 1980 1143 2044 quoque
1165 1960 1198 2024 in
1233 1988 1237 2002 ·

160 2047 253 2115 Plan.
277 2047 327 2112 bis
348 2046 484 2130 legitur,
506 2057 632 2114 mutato
655 2057 779 2112 tantum
799 2046 909 2130 priore
932 2045 1088 2124 distieho,
1110 2048 1199 2132 quod

159 2132 314 2216 Philippo
346 2134 505 2201 tribuitur.
561 2133 799 2216 Atgumantum
831 2133 918 2198 idern
952 2145 1004 2197 est
1036 2142 1136 2216 atque
1165 2132 1199 2196 in

21 2279 33 2304 ‚
160 2217 226 2296 IX,
255 2219 329 2286 149.
359 2217 530 2286 Dialeotns
552 2220 659 2303 epioe.
704 2217 791 2286 v.5
821 2207 941 2299 ἱμάντι.
986 2217 1037 2282 Ex
1060 2219 1197 2285 Passov.

158 2304 323 2369 sententia
344 2301 378 2368 in
398 2305 609 2391 lemprolota
620 2303 737 2370 melius
757 2301 1035 2390 προπερισπᾶται.
1079 2302 1199 2370 'l’otnm

160 2410 293 2456 carmen
321 2387 472 2477 Phiiippo
500 2392 751 2458 adsmibendum
779 2409 854 2456 osse
875 2386 1019 2458 Bumok.
1041 2389 1197 2474 probabi·

159 2476 236 2540 liter
256 2476 452 2560 suspicatur.
1148 2528 1150 2539 ,

247 2562 311 2638 ΙΧ,
338 2564 413 2630 969.
442 2563 608 2646 Antipatri
639 2560 956 2630 Thessalonicensis.
990 2560 1101 2628 Plan:
1122 2560 1197 2626 Phi·

158 2647 249 2731 lippi.
294 2646 441 2716 Duorum
473 2647 708 2733 naufragorum
742 2669 840 2734 quum
873 2647 958 2713 alter
985 2647 1125 2730 alterum
1155 2651 1226 2712 de'

157 2732 272 2800 tabula
292 2735 325 2800 in
347 2738 454 2800 undas
476 2735 666 2813 deiecisset,
689 2734 745 2800 itte
767 2755 789 2800 a
811 2753 894 2799 eane
916 2735 1044 2802 marina
1065 2746 1117 2800 est
1139 2736 1196 2800 do·

157 2830 301 2900 vorams,
323 2820 378 2885 hie
400 2841 420 2886 e
442 2819 596 2886 fluetibus
614 2821 729 2886 salvus
747 2822 903 2888 enatavit.
947 2820 1197 2901 Fabuladooet,

158 2906 272 2992 Κῆρας
299 2907 357 2972 vel
382 2907 416 2972 in
443 2907 526 2972 mari
552 2893 703 2974 homines
731 2909 896 2992 persequi.
942 2908 1026 2976 Gen.
1050 2910 1089 2976 tt.
1117 2905 1195 2973 Dio·

156 2990 265 3058 leotrts
286 2993 395 3075 epioe.
416 2993 490 3062 Jao.
515 2993 657 3078 Philippi
678 3013 754 3059 esse
775 2995 914 3060 videtur.

243 3078 308 3156 tx,
337 3078 414 3148 otta
441 3073 615 3163 Antipatri.
659 3079 824 3163 Scriptum
846 3080 976 3145 videtur
994 3078 1028 3143 in
1050 3076 1197 3145 tabidam

156 3164 297 3246 pictam,
330 3164 471 3251 quinque
499 3163 654 3236 Baoohos
685 3167 717 3232 in
746 3167 849 3232 nattis
879 3167 982 3232 robus
1013 3175 1197 3250 oeoupatas

155 3249 376 3317 exhibentem
427 3251 512 3318 Gen.
539 3257 565 3321 1.
597 3249 771 3318 Dialootus
802 3251 927 3320 Dorion
956 3251 1105 3331 Pindari,
1137 3252 1196 3316 im·

155 3335 263 3402 mixtis
284 3335 399 3404 tonnis
421 3337 540 3403 loniois
570 3325 705 3402 oooioero
726 3349 759 3438 pt
786 3331 1017 3426 χοροστασίης,
1041 3337 1196 3424 neglecto
1226 3362 1231 3371 “
1343 3361 1348 3370 ·

154 3419 309 3488 Dorismo
330 3423 364 3487 in
387 3411 552 3488 ἐντόνουσι
576 3436 609 3489 et
630 3413 844 3510 ἄερταζουσα.
889 3423 1035 3492 Brunolr.
1053 3424 1119 3490 hoo
1142 3443 1195 3507 ep.

83 3515 97 3532 ⁶
155 3508 1184 3664 miiiviia'ihffl‘oiaiiii’sffnsfflngisbfflmiio

156 3684 191 3743 tn
220 3639 440 3764 ame'ttystim
468 3617 688 3766 cteipaoi'e,
722 3683 777 3750 oni
804 3641 981 3750 E‘trtetati‘s
1007 3643 1117 3768 imago
1147 3646 1195 3746 in:

154 3765 285 3850 soulpta
307 3777 390 3833 erat.
436 3767 520 3836 Gen.
542 3767 600 3835 tv.
624 3767 797 3838 Dialeotns
820 3770 926 3853 epioe.

140 3899 143 3916 .
241 3852 298 3930 tx,
321 3853 396 3920 799.
416 3851 590 3938 Antipatti.
628 3858 662 3918 tn
679 3853 797 3922 Niciae
818 3856 973 3932 tabidam,
997 3875 1082 3940 quoe
1096 3849 1194 3937 Ulys·

122 3938 201 4002 ·sis
234 3941 277 4006 ad
310 3937 436 4005 inferos
469 3943 664 4007 descensum
699 3945 981 4026 repraesentabat
1049 3941 1132 4004 Gom
1169 3942 1191 4002 1.

155 4021 327 4092 Dialeotns
348 4026 452 4108 epiro.
