2726 4602
670 299 742 370 59

598 387 804 406 -u-...s-

167 531 248 599 ,qne
267 509 517 597 ferocissimus,
544 513 691 595 plnrnno
713 533 783 577 eren
811 529 929 576 aaran
952 511 1104 587 excidio,
1135 531 1240 576 uerene

185 599 277 675 acie,
301 617 387 664 nnnc
410 599 728 682 expugnationibus,
750 601 786 661 in
800 599 981 680 pristinum
998 599 1104 682 pacis
1123 597 1239 660 rede-

182 685 234 769 yn
266 681 586 766 moderamenque
620 687 821 768 patratione
851 682 959 748 Asiae
992 682 1232 758 securitatem

185 767 415 833 Macedoniae
443 789 563 853 pacem
584 770 745 834 reddidit.
792 767 953 833 Onussam
986 778 1019 838 et
1051 765 1237 832 historiam

184 854 280 919 huius
308 853 404 932 belli,
433 855 525 922 auius
542 855 653 920 etiam
679 854 802 918 Florus
823 854 890 930 lV,
919 855 1041 920 1217
1067 852 1231 936 meminit,

170 939 249 1020 „Dio
273 939 407 1006 Cassius
427 943 479 1005 ed.
496 940 606 1004 Reim.
630 940 670 1016 Τ.
685 941 706 1003 .1
727 961 761 1024 p.
785 940 850 1005 nst
865 939 904 1005 G.
916 939 1014 1006 latius
1033 939 1239 1024 perscribit..

184 1027 275 1093 Idem
299 1027 393 1104 Piso,
420 1027 474 1112 qui
500 1026 622 1091 Velleii
647 1036 812 1112 tempere,
840 1027 867 1091 i,
886 1047 938 1106 e.‚
968 1047 1007 1091 a*
1022 1049 1056 1092 u.
1086 1025 1238 1103 anea,

86 1183 88 1189 s
140 1149 141 1162 κ
184 1111 374 1198 praefectus
392 1113 484 1178 urbis
506 1125 588 1192 erat,
611 1116 654 1179 ab
676 1111 742 1178 hoc
761 1113 923 1196 scripture
946 1113 1128 1197 exta-cap.
1150 1112 1232 1196 ple-

184 1219 230 1265 na
247 1219 346 1264 manu
367 1199 534 1266 laudatum
556 1202 608 1268 ¹de
630 1221 696 1288 qno
714 1203 805 1266 ciro*
819 1201 882 1266 hoc
912 1200 1059 1264 omnibns
1081 1201 1230 1264 sentien-

186 1287 261 1352 dnn
285 1306 328 1350 ac
345 1287 618 1371 praedicandam
641 1295 701 1364 est,
726 1307 799 1360 esse
819 1305 929 1350 nones
949 1288 1020 1352 elne
1041 1287 1163 1371 nigore
1183 1305 1231 1350 ac

180 1375 326 1437 *latitate
353 1375 665 1458 temperatissimas,
703 1381 736 1436 et
762 1375 821 1435 oin
850 1389 1044 1456 quemqnam
1070 1372 1233 1454 reparari

146 1455 148 1462 ’
183 1479 298 1543 posse,
323 1460 380 1543 quui
403 1468 463 1524 ant
486 1461 586 1523 otinm
603 1458 899 1542 oalidinstlilipat,
924 1465 984 1522 ant
997 1453 1237 1542 pacilianens-

155 1535 159 1558 '
185 1543 284 1627 ficiat
310 1546 461 1627 nepotim
492 1552 524 1611 et
552 1546 676 1628 napis,
696 1563 798 1628 ¹attae
826 1543 962 1628 aemma
991 1541 1085 1619 snat,
1115 1549 1230 1616 meret,

188 1631 260 1692 sine
273 1629 347 1691 nlla
371 1631 593 1692 ostentatione
617 1629 750 1714 aperanti.
796 1627 887 1693 ldem
910 1637 977 1707 est,
1001 1630 1044 1694 ad
1072 1647 1170 1713 quem
1195 1636 1232 1691 et

187 1713 273 1778 filios
295 1713 450 1778 Horatius
472 1713 652 1797 epistolam.
667 1731 772 1792 suam,
795 1715 849 1780 ,eui
869 1713 1056 1801 vulgoArti
1071 1712 1231 1798 poeticae
1263 1785 1270 1792 ‚

186 1811 306 1864 nomen
329 1800 390 1879 est,
413 1801 555 1886 scripsit.
599 1800 667 1865 lam
691 1811 846 1886 apparet,
867 1797 1044 1865 Bessorum
1064 1799 1232 1864 vi'ctorern

188 1887 222 1952 in
241 1885 298 1952 illo
321 1905 374 1970 ep.
396 1887 436 1951 L.
458 1888 613 1952 Pisonem
632 1907 718 1952 esse.
763 1887 805 1950 Ei
824 1885 881 1963 Vl,
904 1885 969 1952 335
993 1885 1142 1952 cassiam
1157 1884 1235 1952 sn-

187 1974 308 2056 tipater
329 1973 422 2044 mittit
444 1970 630 2037 Thracibus
653 1991 746 2037 arma
764 1973 906 2038 illatura.
952 1971 1010 2051 Vl,
1032 1973 1095 2039 ml
1119 1973 1152 2036 in
1169 1973 1230 2056 g‘a·

68 2073 70 2082 ’
188 2059 276 2122 leam
299 2057 526 2140 Pylaemenis5
552 2059 616 2136 IX,
643 2059 708 2122 552
728 2059 761 2123 in
783 2059 928 2144 gladium
950 2057 1233 2136 Alexandri'Ma-

188 2143 260 2228 gni,
288 2161 374 2228 quae
397 2143 472 2208 Piso
501 2155 694 2228 acceperat,
721 2146 923 2230 conscripta
938 2157 1024 2211 sunt.
1070 2142 1145 2223 Vl‚'
1163 2143 1231 2210 249

189 2248 323 2296 cereum
353 2227 432 2296 huie
460 2242 562 2316 poeta
595 2229 786 2306 sationalia
809 2244 850 2297 ¹et
871 2230 937 2310 lX,
968 2231 1012 2298 93
1044 2225 1238 2298 versiculos¹

191 2317 277 2386 diem
297 2318 444 2384 natalem
467 2329 581 2384 acturo
605 2320 718 2384 donat.
748 2319 804 2397 -Χ,
828 2319 871 2388 25
889 2319 934 2382 ab.
954 2317 1129 2402 Antipatro
1154 2317 1230 2382 cu'm

157 2485 160 2488 ,
189 2405 309 2470 Pisone
325 2405 372 2468 in
395 2403 515 2470 'Asiam'
537 2406 715 2490 navigante
732 2406 900 2489 vscriptum
929 2415 995 2485 est,
1028 2403 1124 2482 XVI,
1155 2403 1231 2481 lae,

190 2493 223 2556 in
257 2486 382 2556 Bacchi
414 2501 557 2558 statuam
588 2493 622 2556 in
656 2492 803 2557 eiusdem
830 2492 977 2582 ‘aedibus
1015 2491 1230 2576 collocatam.

190 2579 254 2654 IX,
276 2579 339 2641 541
369 2577 570 2664 Theogenes
591 2577 703 2645 Pisani
724 2581 787 2644 duo
810 2577 934 2664 pocula
953 2578 1059 2642 mittit'.
1093 2579 1165 2660 lx,
1187 2577 1237 2642 92
1275 2639 1279 2650 ,

190 2663 366 2746 Antipater
390 2665 469 2729 viro'
485 2666 614 2730 cuidam
639 2685 700 2750 pro
722 2665 946 2750 hospitalitate
975 2677 1092 2730 versus
1122 2663 1229 2729 offert.

191 2750 265 2813 Non
297 2749 516 2831 improbabile
547 2761 614 2829 est,
648 2749 735 2815 hune
768 2771 898 2838 quoque
928 2746 1082 2815 Pisonem
1114 2749 1234 2816 finisse·

191 2837 230 2900 lc
249 2833 369 2917 saltem
392 2853 434 2899 ex
456 2837 605 2902 omnibus
626 2837 677 2901 his
700 2837 898 2903 carminibus
921 2832 1078 2914 effi’cltur,
1106 2848 1142 2901 ut
1162 2837 1230 2902 An·

173 2922 345 3006 *tipatrum
375 2922 514 3007 gratiam
545 2921 674 2988 Pisonis
704 2924 807 2990 variis
836 2923 942 2989 modis
975 2931 1124 2988 secutum
1156 2938 1231 2988 esse

192 3011 344 3089 emamus,
374 3011 444 3076 eius
466 3007 619 3076 clientem
641 3008 746 3076 fuisse
766 3021 799 3075 et
821 3013 863 3076 ab
888 3031 939 3089 eo,
962 3009 1230 3095 poetarum'fau·

192 3106 282 3175 tore,
312 3096 346 3172 in
368 3096 622 3174 familiaritatem
650 3107 821 3182 receptum
851 3117 926 3163 esse
949 3096 1111 3181 augurari
1125 3097 1231 3180 possi*

192 3203 276 3248 mus.
297 3217 338 3234 ω
352 3185 498 3268 ‘insuper
520 3184 587 3248 alia
609 3194 684 3250 sunt
706 3185 867 3264 carmina,
904 3202 991 3270 quae
1025 3182 1235 3266 Antipatrmu

139 3294 142 3301 ’
193 3267 349 3334 Caesaris
377 3269 517 3353 Augusti
546 3280 694 3355 tempore
720 3271 842 3336 vixisse
873 3274 1025 3338 doceant.
1077 3267 1140 3347 lX,
1168 3269 1232 3334 297

194 3351 321 3420 Caesar
346 3375 509 3435 monetur,
543 3368 579 3421 ut
607 3359 650 3422 ad
677 3357 880 3442 Euphratem
910 3357 1091 3421 exercitum
1121 3359 1231 3434 ducat,

193 3441 324 3506 Parthis
345 3465 406 3509 sua
427 3453 544 3530 sponte
573 3463 611 3507 se
633 3443 734 3527 ipsius
755 3445 892 3528 imperio
915 3443 1123 3509 subiecturis.
1168 3441 1230 3508 Sa·

193 3527 235 3593 tis
257 3541 399 3609 constat,
421 3531 612 3608 Phraatem,
641 3528 989 3614 regem'Purthomm‚
1012 3529 1168 3606 veritum,
1191 3547 1233 3592 ne

95 3676 99 3684 ,
194 3621 245 3680 se'
260 3613 348 3679 hello
381 3627 651 3703 persequeretur,
684 3617 835 3704 Augusto
870 3619 903 3683 in
936 3615 1089 3701 Bithynia
1123 3616 1234 3698 agenti

138 3767 142 3778 ,
171 3702 291 3786 ,εἰςῃα
313 3710 345 3765 et
368 3704 518 3787 captivos
539 3704 720 3782 narniense,
743 3703 900 3790 nullaque
911 3725 949 3769 re
960 3703 1067 3788 magis
1084 3701 1234 3788 gavisum

196 3803 271 3854 esse
293 3788 348 3855 vel
370 3807 446 3854 sesa
468 3789 623 3857 extulisse
641 3790 840 3876 Augustum
858 3811 955 3878 quam
977 3790 1043 3854 hae
1063 3789 1136 3853 sine
1157 3808 1232 3856 san·

196 3875 302 3962 guinis
330 3874 487 3944 effusione
518 3877 684 3962 signorum
718 3887 750 3943 el
776 3878 978 3962 captivorum
1009 3875 1236 3952 Romanorum

197 3972 325 4029 extorta
353 3962 565 4030 restitutione.
611 3964 699 4031 Ante
729 3985 804 4032 eam
831 3963 896 4029 hoe
922 3963 1127 4049 epigramma
1152 3961 1232 4026 seri-

168 4123 176 4134 ,
199 4059 288 4131 ptum
311 4069 387 4115 esse
409 4050 548 4120 videtur.
596 4051 658 4128 lX,
688 4051 753 4118 418
780 4051 887 4137 agitur
909 4053 950 4116 de
972 4045 1158 4118 inventione
1181 4065 1234 4112 ra·
