2726 4602
630 306 695 378 ee
725 363 729 378 .

565 399 771 428 ’‘n—ff*-

143 533 251 588 tarum
277 521 312 585 in
340 519 436 585 molis
462 521 608 606 aquariis
634 521 865 588 adhibitorum.
917 517 1202 604 Hanc'tempote.

144 607 219 674 iulii
234 605 402 673 ‘Caesaris
429 605 553 696 factam
581 627 674 686 esse,
700 608 799 692 phua
822 617 970 673 veterum
998 605 1184 671 testimonia

124 694 353 762 confirmant.
396 691 475 759 Vid.
497 693 702 759 Beclrmann.
725 694 879 778 Reitrtige
901 713 961 759 zur
982 691 1183 758 Geschichte

145 784 207 847 der
224 780 351 845 Erb'nd
373 779 456 863 llp.
482 781 608 844 11-17
627 799 704 846 ann
727 779 781 844 71.
818 782 876 856 ΙΧ,
898 779 1014 844 attin
1035 777 1183 863 Glaphy·
1265 821 1269 831 ‚

144 889 218 931 rum
248 867 423 931 tibicinem.
480 867 587 940 Quem
608 867 749 950 Augusti
771 877 882 930 aetate
909 867 1038 932 vixisse
1066 864 1184 932 coniiei

170 963 258 1018 otest
279 971 299 1016 e
321 951 473 1017 Juvenal.
493 963 556 1016 sat.
576 952 632 1032 Vl,
654 955 709 1017 77.
752 953 809 1030 ΙΧ,
830 951 897 1018 408
918 962 951 1016 et
968 949 1039 1017 550
1054 951 1184 1034 cladem

180 1038 279 1110 eliam
299 1038 470 1120 attingunt.
515 1037 865 1117 ctPausan.111‚23.
889 1038 1006 1118 Poeta,
1029 1024 1185 1124 quihanc
1228 1041 1232 1052 '
1326 1005 1330 1010 Ι

141 1125 417 1206 disturbationem
445 1123 520 1206 (01.
545 1124 731 1275 enxxm)
761 1136 797 1190 ut
819 1136 964 1191 veteram
987 1136 1183 1190 commemo·
1265 1127 1269 1135 “
1320 1204 1322 1208 Ι

144 1221 197 1276 rat
218 1231 272 1294 ep.
294 1209 371 1276 408.
393 1197 431 1274 b·
460 1207 603 1362 Δόλος’
582 1207 735 1297 ’7,ορημαη
755 1228 794 1276 ao
783 1202 920 1275 moliar
940 1207 1054 1295 σέβας,
1072 1211 1183 1295 proxi·

145 1319 201 1361 mo
224 1308 373 1380 tempore
396 1307 511 1362 ante
516 1297 650 1363 luistnm
663 1310 775 1362 natum
796 1299 920 1363 vixisse
941 1299 1079 1364 videtur.
1110 1298 1183 1361 lure

143 1384 245 1468 igitur
265 1381 558 1464 Thessalonicepsi
574 1383 747 1468 Antipatro
770 1385 846 1450 dedi
867 1383 957 1462 XVl,
980 1383 1045 1448 790
1066 1382 1185 1468 Pyladi

145 1469 350 1553 pantomimo
370 1469 571 1554 inscriptum.
615 1471 712 1537 Hunc
734 1470 820 1535 enhn
837 1470 991 1554 Augusto
1008 1469 1184 1556 aequalem

144 1555 249 1621 fuisse
271 1553 364 1619 multi
383 1562 531 1620 veterum
559 1556 626 1621 loci
648 1559 798 1641 p-rodunt
842 1555 907 1622 Dio
930 1555 1026 1622 Cass.
1048 1577 1083 1640 p.
1106 1557 1182 1620 747.
1214 1631 1217 1642 ¹

144 1641 284 1706 Sueten.
308 1641 427 1706 Octav.
450 1663 481 1708 o.
504 1643 558 1706 45.
603 1645 680 1707 lure
708 1643 806 1708 etiam
828 1643 890 1721 ΙΧ,
919 1643 1001 1708 50
991 1665 1026 1706 ιιι
1056 1642 1183 1720 Gaium,
1255 1669 1261 1674 ·

145 1749 202 1814 qm
192 1715 341 1809 Ῥώμας
359 1715 490 1818 πάτρας
507 1723 615 1814 ἔρυμα
630 1740 778 1806 vocatur,
798 1729 993 1813 Antipatr'o
983 1730 1183 1812 inscriptum,

145 1811 437 1880 Thessalonicensi
465 1834 488 1881 a
513 1835 567 1878 me
596 1815 749 1879 tributum
775 1833 868 1891 esse,
897 1833 984 1878 nurrc
1005 1814 1111 1878 facile'
1126 1818 1183 1879 dc·

144 1901 322 1965 monstmri
341 1910 464 1982 potest.
507 1899 673 1984 Antipatri
702 1900 788 1964 enim
813 1899 941 1965 Sidonii
971 1911 1082 1964 aetate
1112 1900 1185 2002 puis

144 1987 202 2050 ille
241 1983 366 2051 iirerit'i
427 1984 736 2050 Thessalonicensis
773 1996 920 2070 tempore
960 1985 1063 2051 Gaius
1093 1987 1203 2064 verit,¹

144 2073 319 2156 Agrippae
344 2071 446 2150 filius,
469 2071 615 2158 Augusti
645 2093 687 2136 ex
715 2071 797 2138 lulia
824 2091 947 2156 nepos,
960 2092 1084 2158 quem
1101 2091 1185 2138 avus

146 2157 319 2242 adoptavit
340 2169 373 2224 et
393 2177 622 2224 successorem
642 2159 770 2241 imperii
798 2159 862 2224 sibi
881 2159 1070 2230 destinavit.
1101 2157 1184 2225 Sue·

146 2257 215 2312 ton.
236 2245 355 2311 Octav.
376 2263 407 2308 c.
425 2244 480 2309 64.
525 2245 620 2310 llunc
640 2244 819 2328 significari
839 2246 997 2310 Jacobsio
1017 2263 1085 2308 non
1107 2265 1185 2310 con·

146 2332 330 2398 tradicenta
352 2329 536 2396 Bnmckius
556 2342 590 2397 et
611 2331 759 2416 lleynius
786 2341 912 2413 putant.
962 2331 1104 2395 Ratione
1125 2331 1184 2396 mi·

112 2495 117 2506 ,
147 2439 210 2484 nus
230 2417 400 2483 verisimili
420 2417 578 2482 Reiskius
603 2419 645 2483 de
667 2415 750 2482 Caio
772 2416 926 2502 Caligula
945 2417 1070 2501 cogitat
1092 2417 1184 2483 inde·

148 2527 193 2657 {¹2¹
194 2525 225 2654 ἵ
226 2503 673 2674 711““7.ι.7.77ᾞ
694 2467 1185 2692 tsstdi'tbtltittt

149 2688 201 2741 tus
222 2675 293 2754 fuit,
316 2676 565 2762 quinquaginta
572 2697 633 2741 sex
655 2675 749 2740 annis
770 2673 847 2760 p'ost
868 2677 935 2744 iam
955 2685 1094 2742 mortem
1116 2676 1185 2742 obi-

147 2763 216 2829 isse
237 2763 377 2828 videtur.

237 2849 333 2923 Quae
352 2859 529 2932 praeterea
550 2867 593 2912 cx
613 2845 777 2932 Antipatri
798 2867 874 2932 epp.
898 2851 941 2914 ad
962 2849 1051 2914 vitae
1073 2850 1186 2934 cogni-
1193 2903 1197 2910 .

149 2937 272 3002 tionem
300 2935 439 3036 aliquid
451 2933 640 3012 conserunt,
667 2933 755 3001 haec
783 2946 868 3000 sunt.
919 2935 971 2998 Ex
998 2955 1053 3017 ep.
1076 2934 1125 3014 V,
1154 2935 1187 3016 3,
1263 2957 1267 2962 ·

149 3021 211 3087 nisi
239 3011 454 3086 ἕπιδεικτικόν
483 3021 538 3098 sit,
571 2979 684 3104 colligi
709 3029 834 3104 potest,
861 3031 993 3104 poetam
1021 2979 1186 3085 rhetorem
1246 3035 1248 3042 '

149 3109 205 3174 vel
227 3108 296 3174 ludi
317 3108 509 3192 magistrum
528 3066 645 3172 luisse.
689 3107 738 3171 lbi
759 3107 845 3171 enim
866 3126 905 3171 se
926 3105 1007 3190 galli
1026 3116 1125 3172 cantu
1143 3128 1186 3172 cx

150 3195 357 3299 amplexibus
383 3191 572 3278 Chrysillae
606 3196 651 3258 ad
681 3213 859 3276 puerorum
891 3203 1006 3258 coetus
1038 3193 1187 3262 abstrahi

190 3281 371 3347 nemun.
430 3280 538 3345 Etiam
573 3279 702 3345 Romae
735 3289 870 3364 poetam
901 3289 1067 3345 versatum
1100 3299 1187 3362 essa,

150 3389 214 3434 con
238 3369 271 3433 ci
297 3379 408 3452 potest
436 3387 479 3430 ex
506 3387 560 3450 ep.
583 3365 659 3443 Vll,
689 3365 787 3431 185
778 3387 812 3430 ιιι
829 3365 996 3430 tumulum
1022 3366 1186 3454 Libyssae

150 3475 256 3605 prope
277 3456 419 3520 Romam
438 3451 601 3537 sepultae,
630 3462 663 3517 et
684 3472 727 3519 ex
748 3473 802 3537 ep.
824 3452 913 3530 XVI,
936 3452 1010 3554 700,
1033 3473 1098 3540 quo
1122 3457 1186 3540 Py-
1247 3515 1250 3525 ,

163 3545 246 3608 ades
267 3540 468 3606 Romanos'
459 3561 492 3604 m
514 3539 762 3606 admirationem
783 3539 835 3604 sui
855 3538 1006 3622 rapuisse
1029 3541 1157 3608 dicitur.

236 3627 306 3694 Sex
329 3647 406 3711 epp.
427 3626 460 3690 in
481 3630 557 3693 cod.
569 3625 743 3710 Antipatro
760 3625 938 3691 Macedoni
956 3627 1183 3712 adsignantur.

150 3713 335 3780 Fabricio
326 3735 355 3778 rs
378 3729 453 3778 esse
472 3713 616 3790 videtm,
643 3712 739 3778 cuius
766 3713 888 3778 mentio
909 3712 946 3778 fit
968 3735 990 3780 a
1011 3713 1184 3816 Meleagro

149 3800 236 3864 inter
262 3820 337 3878 eos,
367 3820 387 3864 a
414 3797 532 3884 qrribns
560 3798 726 3864 Coronam
752 3817 847 3864 suam
878 3800 1055 3865 contexuit.
1105 3799 1184 3864 Rei

149 3886 245 3952 skins
273 3905 347 3951 cum
377 3895 486 3957 aetate
492 3883 649 3986 Phihppi
666 3895 723 3951 aut
739 3885 843 3968 patris
864 3885 1047 3952 Alexandri
1068 3885 1184 3988 Magpi

152 3983 210 4040 ant
235 3971 420 4074 penultimi
417 3971 520 4055 arogis
544 3969 763 4048 Macedoniae
792 3972 897 4038 circa·
909 3973 963 4038 ol.
993 3969 1114 4036 CXLV
1134 3972 1186 4036 vi
1213 4019 1217 4030 .

152 4060 240 4126 risse
235 3995 371 4136 prlicit*
375 4058 471 4143 eique
488 4056 544 4120 Vl.
568 4058 663 4124 115
653 4079 685 4124 ιιι
707 4056 891 4142 Philippum
914 4057 1030 4122 tribuit
1053 4059 1096 4123 de
1117 4077 1184 4143 prro
