2726 4602
570 346 591 362 ὶ-
698 305 768 378 4⁸
786 324 789 342 Ι
935 300 939 310 ι
1004 313 1006 320 ¹

718 416 725 440 q
824 417 827 420 ·

216 529 339 606 genere
357 519 556 604 ingeniosus,
581 516 718 598 facetus,
736 481 880 606 lepidus,
895 517 1022 597 suavis'
1041 517 1179 602 elegans
1191 529 1262 585 est.

215 608 252 674 ln
273 597 540 693 ἅναθηματικοῖς,
562 627 648 692 quae
670 606 775 674 minus
796 605 983 690 probabilia
998 605 1149 672 videntur
1166 625 1260 686 esse,

79 709 122 764 λ·
158 757 163 766 ,
214 694 280 763 iam
312 694 612 763 animadvertimus:
652 693 686 758 in
718 693 904 760 universum
936 703 1045 758 autem
1079 690 1262 774 dicendum

215 793 281 858 est,
312 801 386 846 eum
406 803 472 846 non
494 801 624 863 semper
645 779 937 865 breviloquentiam
961 799 1095 856 curare,
1122 780 1261 862 praeci-
1290 811 1295 820 ,

214 887 280 953 pue
302 889 367 932 non
389 868 422 932 in
445 859 619 951 elegiacis,
649 885 787 951 quorum
807 865 964 932 uonmdla
992 863 1124 949 elegiae
1154 887 1261 952 qnam

194 973 271 1038 ep.
285 953 450 1019 similiore
480 963 564 1022 sunt.
611 953 737 1036 Magna
759 964 867 1021 autem
890 951 1067 1030 carminum
1088 971 1168 1035 pars
1188 975 1262 1018 non

213 1041 258 1106 ab
287 1040 389 1123 ipsius
413 1040 543 1124 ingenio
571 1037 724 1122 profecta
753 1050 817 1117 est,
851 1042 911 1104 sed
940 1059 982 1102 ex
1015 1038 1258 1124 antiquioribus

216 1147 392 1210 expressa:
435 1126 627 1210 saepissime
659 1119 841 1198 Leonidam
869 1125 1080 1193 Tarentinum
1108 1125 1260 1204 imitatus

215 1225 276 1290 est,
296 1224 471 1295 praeterea
485 1212 586 1288 etiam
598 1211 808 1290 Simonidem,
829 1209 1066 1292 Dioscoridem,
1088 1209 1261 1282 Alcaeum

214 1299 432 1377 Messeniam,
465 1299 635 1377 Erinnam,
679 1299 864 1376 Platonem,
896 1297 1119 1363 Aristotelem.
1176 1299 1261 1382 lpse

96 1419 100 1426 ’
215 1407 345 1472 quoque
367 1380 546 1452 imitatione
570 1385 660 1450 haud
682 1385 834 1468 indignus
854 1385 984 1450 habitus
1006 1395 1056 1450 est
1078 1405 1100 1448 a
1121 1383 1259 1450 Melea-

204 1494 287 1562 ¹gro,
305 1473 440 1551 Archia,
465 1472 616 1558 Philippo
640 1470 938 1549 Thessalonicensi,
962 1470 1140 1549 Nicarclro.
1184 1473 1260 1537 lam

213 1559 326 1624 neseio
350 1581 391 1624 an
414 1559 486 1645 quis
509 1559 594 1635 eius,
625 1557 718 1625 cuius
745 1557 842 1641 plura
870 1557 1016 1638 carmina
1044 1565 1151 1643 eaque
1174 1579 1258 1644 par·

214 1646 271 1710 tim
294 1645 417 1728 optima
445 1644 620 1710 manifesto
651 1642 723 1710 aliis
752 1646 949 1722 debeantur,
980 1655 1094 1713 cetera
1120 1665 1257 1732 quoque

213 1729 357 1796 fortasse
376 1731 501 1808 omnia,
529 1730 722 1816 praesertim
742 1753 841 1816 quum
863 1731 896 1795 in
918 1752 974 1796 res
995 1731 1148 1816 antiquas
1170 1732 1256 1796 scri·

213 1829 271 1904 pta
290 1818 369 1895 sint,
399 1838 440 1886 ex
470 1818 705 1905 antiquioribus
736 1817 845 1900 poetis
868 1838 1028 1902 expressa
1050 1837 1125 1884 esse
1147 1830 1254 1902 putet.

132 1945 139 1958 ·
213 1905 312 1980 Quod
336 1903 502 1970 affirmare
530 1926 595 1978 non
624 1907 783 1982 audeam,
815 1907 876 1970 sed
898 1907 1046 1982 credam,
1081 1925 1102 1968 a
1125 1903 1253 1972 Crasso

213 1994 303 2074 apud
325 1990 398 2054 Cic.
421 1994 462 2055 da
485 1991 543 2054 Or.
565 1991 623 2068 lll,
651 1989 695 2053 50
713 1989 922 2072 Antipatrum
942 1996 1008 2056 n'on
1021 2011 1106 2078 eam
1128 1991 1251 2061 solum·

212 2079 312 2142 modo
336 2079 378 2140 ob
401 2097 570 2158 caussam,
602 2078 690 2162 quod
713 2074 851 2142 aliorum
871 2098 996 2156 versus,
1018 2095 1157 2162 quorum
1178 2077 1250 2144 inti·-

155 2179 161 2204 ⁸
212 2161 314 2226 nitum
334 2167 501 2227 nnmerum
522 2161 709 2236 memoriae
727 2163 798 2246 acri
828 2171 1020 2243 (memorem
1038 2165 1125 2230 idem
1150 2163 1246 2232 Cras·

182 2245 190 2268 ⁸
212 2269 270 2318 sus
293 2266 367 2316 eum
388 2247 548 2329 dominat)
570 2249 777 2328 tradidisset,
799 2252 884 2314 bene
905 2250 1031 2314 iurem
1052 2271 1150 2316 suam
1168 2271 1244 2322 con·

212 2335 382 2415 vertisset,
410 2337 613 2421 ingeniosum
635 2355 710 2400 esse
731 2348 901 2416 vocatum,
929 2338 1130 2418 sedetiam,
1161 2339 1249 2426 quod

213 2422 287 2508 ipse
308 2422 439 2507 iugenio
460 2427 504 2491 ad
524 2423 754 2513 inveniendum
774 2434 872 2490 acuto
893 2423 1063 2512 praeditus
1084 2421 1213 2496 fuisset.

487 2843 490 2850 “
589 2883 778 2953 onnur
821 2887 865 2954 v.

410 2995 857 3100 nmnucnonum
877 3023 1045 3102 usus.
1137 3018 1139 3026 '

298 3191 559 3278 Unumquodque
587 3191 700 3278 poesis
728 3212 833 3278 genus
859 3214 1055 3281 quemqnam
1082 3194 1125 3260 ab
1153 3194 1249 3262 initio

189 3301 308 3350 :suam
331 3278 517 3357 dialectum,
541 3301 625 3366 quae
647 3284 690 3351 ad
712 3282 852 3365 patriam
871 3293 1044 3366 poetarum
1067 3281 1101 3346 in
1124 3303 1165 3346 eo
1187 3303 1249 3367 ge·

212 3365 497 3455 nereprincipum
519 3365 726 3432 conformata
753 3379 833 3446 erat,
860 3367 1019 3446 habebat,
1046 3367 1168 3435 accidit
1197 3381 1249 3436 ta·

210 3473 299 3535 pren,
321 3465 356 3518 ut
376 3452 495 3518 finibus
522 3451 587 3518 illis
610 3473 779 3538 egressum
808 3453 905 3520 etiam
925 3453 1064 3521 aliarum
1086 3445 1248 3539 dialecto-

144 3611 146 3616 ,
211 3561 284 3608 nrm
306 3537 429 3604 formas
451 3539 668 3607 adscisceret..
708 3539 802 3606 Haec
824 3540 1039 3610 dialectcrum
1057 3542 1248 3628 permixtio,

212 3626 269 3693 cui
288 3625 406 3710 tragici
417 3638 536 3710 poetae
554 3627 683 3697 modice
694 3627 934 3712 praeluserent‚
956 3629 1101 3714 inprimis
1121 3649 1249 3714 magna

147 3739 160 3752 ·
212 3713 317 3782 estin
338 3712 445 3796 poetis
468 3711 628 3800 elegiacis
648 3714 998 3800 etepigrammatariis.
1031 3713 1083 3782 De
1098 3715 1150 3781 his
1169 3728 1248 3784 rata

212 3813 304 3881 sunt,
326 3820 413 3887 quac
435 3797 610 3888 Jacobsius
626 3802 660 3870 in
681 3800 825 3888 praefat.
847 3805 892 3872 ad
901 3801 945 3872 A.
957 3801 996 3868 Ρ.
1009 3801 1048 3870 Τ,
1071 3801 1248 3890 11).an
1289 3881 1291 3886 ¹

212 3889 306 3956 dicit:
329 3887 421 3968 „lam
442 3906 523 3953 vero
551 3909 650 3976 quum
677 3910 895 3978 unaquaeque
914 3887 1085 3958 dialectos
1107 3911 1171 3977 pro
1194 3891 1247 3958 rie

211 3973 412 4064 peculiarem
433 3971 501 4039 loci
522 3985 555 4041 et
579 3975 703 4061 populi,
731 3979 821 4061 apud
850 3997 947 4082 quem
974 3987 1053 4046 nate
1077 3989 1138 4058 est,
1162 3997 1183 4042 c
1206 3997 1245 4044 a·

210 4072 375 4130 rectorem
401 4061 563 4142 ocenum,
596 4061 665 4130 noli
697 4063 822 4145 adrani,
847 4085 877 4132 sr
904 4063 1063 4150 peculiari
1096 4065 1245 4153 ipsqrum
