2726 4602
696 211 899 332 u*

85 533 94 546 x
295 471 361 554 lX,
388 437 464 540 aaa.
491 471 599 538 Aliter
620 451 718 560 atque
739 471 933 558 Jacobsium
954 471 988 540 io
1009 472 1120 540 Anim.
1142 477 1244 558 verba

209 548 283 645 μετ’
300 549 474 710 {Hiemps
494 559 701 662 interpretari
717 558 890 663 Silligium,
910 559 980 626 eius
1001 563 1110 628 verba
1132 561 1243 666 {leole-

127 683 130 688 ,
208 657 283 714 rant
303 667 337 710 m
357 645 467 712 Cata.
489 643 577 710 artri.
598 667 632 730 p.
654 645 738 726 308,
766 649 823 728 ubi
843 649 886 714 de
908 645 1037 712 Oratae
1057 647 1241 732 Aegmetae

97 791 98 801 ,
209 731 366 835 operibus
396 733 553 816 disputat:
587 731 740 816 „Apollo
762 729 903 810 aeneus,
930 733 1087 818 Pergami
1107 735 1242 819 positus,

159 863 163 872 ι
210 841 266 907 qu1
297 839 396 904 quum
426 828 563 903 propter
594 819 848 902 magnitudinem
880 829 949 884 tum
982 829 1087 884 artem
1117 820 1243 904 plmimi

210 902 454 973 aestimabatur.
477 903 577 992 Paos.
600 903 762 984 1111141.
784 906 819 970 4.
861 903 916 970 Ab
940 924 981 970 eo
1004 906 1153 972 diversus
1175 908 1242 974 sine

210 993 309 1060 dubio
339 989 400 1056 fuit
426 989 511 1055 alter
538 989 686 1056 eiusdem
713 989 846 1067 artificis
873 989 1013 1074 Apollo,
1047 993 1167 1058 conrite
1193 991 1241 1058 lli·

137 1113 141 1128 «
209 1078 318 1163 thyia,
351 1087 625 1141 commemoratus
658 1079 700 1141 ab
732 1076 843 1161 Antip.
872 1075 972 1160 nra.
993 1079 1032 1143 P.
1051 1074 1117 1157 lx,
1140 1077 1243 1145 238ss

209 1163 396 1248 Simplicior
414 1162 527 1249 utique
547 1161 634 1228 haec
654 1163 878 1246 interpretatio
898 1174 965 1228 este
996 1183 1040 1228 an
1061 1163 1174 1238 verior
1194 1165 1243 1246 sit,

116 1300 120 1306 -
210 1249 435 1318 dubitaverim.
485 1249 580 1314 Nam·
597 1269 707 1334 neque
731 1247 870 1314 alterum
892 1248 1021 1314 Onatae
1043 1247 1241 1333 Apollinem,

180 1337 184 1346 '
209 1338 265 1424 qui
287 1337 329 1402 ab
344 1335 518 1422 Antipatro
542 1345 608 1401 tam
624 1334 742 1399 eximie
763 1333 918 1401 laudatus
940 1336 1078 1418 cogitari
1096 1336 1243 1404 illustris

208 1425 310 1490 simus
333 1422 442 1501 debet,
465 1420 597 1488 aliunde
617 1421 777 1499 novimus,
798 1440 906 1506 neque
926 1419 982 1485 bic
999 1424 1081 1488 deus
1098 1443 1174 1488 cum
1194 1423 1244 1488 lli·

140 1577 143 1592 ,
209 1509 301 1594 thyio
319 1507 473 1590 coniungi
492 1507 595 1586 solet,
616 1525 735 1607 neque.
748 1518 864 1591 arguta
884 1505 1136 1588 illa‘sententia,
1160 1516 1245 1596 queo

295 1679 451 1757 lXsttl.
474 1677 517 1743 V.
535 1679 568 1744 5.
589 1665 755 1762 Εὐαγόρας
773 1667 808 1742 il
826 1667 871 1742 ὢν
891 1667 1009 1758 χαλκός
1029 1689 1093 1745 etc.
1116 1679 1193 1751 Jac.
1214 1683 1246 1748 in

209 1767 319 1836 Anien.
340 1763 400 1830 illa'
420 1767 525 1830 verba
545 1765 595 1830 sic
622 1763 780 1848 explicat:
803 1766 921 1851 „quasi
942 1766 976 1831 in
1005 1787 1156 1836 nummos
1178 1789 1246 1834 mu·

209 1863 313 1932 tetus,
343 1861 379 1917 ut
401 1851 445 1917 dii
472 1851 505 1916 in
528 1849 707 1916 bestiarum
726 1849 885 1917 formas.“
906 1851 943 1916 ln
966 1852 1053 1920 add.
1076 1855 1121 1920 ad
1142 1853 1187 1919 A.
1210 1855 1245 1920 Ρ.

209 1942 354 2024 ineptum
381 1936 558 2015 existimat,
587 1934 758 2018 hominem
781 1938 866 2002 bene
894 1949 1096 2016 nummatum
1124 1940 1245 2024 simpli-

211 2022 292 2094 citer
321 2043 382 2087 aes
409 2021 473 2088 dici
496 2020 693 2106 faciliusque
721 2020 830 2088 tulerit
857 2011 1053 2103 ὁλόχαλκος.
1094 2025 1179 2092 Mihi
1205 2017 1248 2090 ὢν

210 2095 327 2192 χαλκός
352 2128 419 2172 non
447 2110 545 2173 modo
572 2105 759 2185 tolerabile,
789 2112 852 2176 sed
878 2110 975 2174 unice
998 2129 1115 2176 verum
1142 2124 1176 2178 et
1205 2116 1246 2181 ad

211 2214 350 2264 acumen
372 2192 683 2278 epigrammaticum,
706 2195 793 2279 quod
811 2195 999 2273 mutatione,
1021 2217 1065 2261 ne
1084 2198 1247 2274 sublatura

211 2284 338 2361 dicam,
362 2297 452 2346 certe
463 2279 756 2366 praestingeretur,
777 2283 1247 2352 reservandumnecessarium

209 2370 348 2436 videtur.
516 2421 524 2430 .
820 2417 825 2424 ⁴

165 2501 172 2510 .
235 2507 242 2516 .
295 2454 360 2533 lX,
388 2452 464 2518 282.
495 2448 538 2516 V.
560 2451 581 2516 6
611 2451 687 2516 ‹ioic
714 2451 748 2516 in
769 2450 812 2520 A.
834 2453 872 2518 P.
896 2461 930 2518 et
950 2453 984 2518 in
1003 2452 1045 2523 D.
1067 2453 1108 2520 E.
1131 2455 1247 2522 vitiose

208 2542 330 2628 legitur
349 2560 409 2624 pro
431 2529 515 2604 δοιά.

294 2627 354 2702 IX,
375 2625 451 2689 541.
474 2625 565 2690 Idem
586 2623 620 2687 in
640 2622 706 2687 hoe
728 2625 810 2706 ep,
827 2626 915 2710 quod
938 2626 982 2690 ad
1003 2624 1060 2703 Vl,
1083 2627 1146 2693 241
1173 2629 1247 2706 dixi,

209 2711 311 2778 valet.
332 2710 375 2775 V.
398 2711 419 2773 5
436 2699 534 2774 δισσαὶ
555 2698 616 2794 γὰρ
638 2697 760 2792 domuin
780 2704 884 2796 μέτρα
904 2697 998 2788 πιών,
1020 2700 1121 2798 tepet
1139 2705 1246 2780 πάντα

210 2783 944 2952 a¹¹1¹¹t

210 2960 295 3038 πιών
316 2959 377 3056 γαρ
399 2955 565 3056 cepione.
1136 2905 1174 2973 ρε

574 3409 765 3482 orror
801 3411 888 3480 vm.

253 3569 339 3643 nn
361 3565 684 3642 calamum
703 3567 1092 3643 aleonoram
1114 3571 1198 3644 nm
1331 3561 1332 3648 ζ

461 3670 690 3745 mnonn
711 3670 997 3745 Ponmoa.
1038 3703 1041 3710 ,
1162 3779 1167 3784 .

298 3911 441 3982 Lectore
461 3912 495 3978 in
517 3911 708 3988 memoriam
729 3932 859 3995 eorum,
887 3933 974 4002 quae
996 3913 1193 3981 de'notione
1215 3922 1247 3976 et

213 4001 439 4072 distributione
468 3997 714 4090 epigrammatis
736 4019 767 4066 c.
788 4000 834 4065 lV
857 4000 1013 4082 disserui,
1043 4003 1182 4072 reducto
1202 3997 1247 4064 ni·

51 1571 56 1582 ¹
101 1689 108 1704 „
168 1623 172 1634 ¹
209 1596 284 1662 Jac.
306 1593 574 1676 interpretatione
596 1589 748 1670 efficrtur,
763 1590 828 1657 hoc
838 1592 1013 1676 Antipatro
1027 1593 1165 1680 indigna
1183 1607 1244 1662 est
1326 1651 1330 1656 .
